"","SYMBOL","DATE","TIME","PRICE","SIZE","G127","CORR","COND","EX"
"9","AA",20070504,"9:30:13",35.1,100,0,0,"E","P"
"13","AA",20070504,"9:30:14",35.07,100,0,0,"E","P"
"16","AA",20070504,"9:30:15",35.07,100,0,0,"E","P"
"36","AA",20070504,"9:30:17",35.08,100,0,0,"E","P"
"45","AA",20070504,"9:30:22",35.14,100,0,0,"E","P"
"46","AA",20070504,"9:30:22",35.14,100,0,0,"E","P"
"47","AA",20070504,"9:30:22",35.14,100,0,0,"E","P"
"48","AA",20070504,"9:30:23",35.14,100,0,0,"E","P"
"77","AA",20070504,"9:30:34",35.09,100,0,0,"E","P"
"116","AA",20070504,"9:31:01",35.11,100,0,0,"E","P"
"125","AA",20070504,"9:31:03",35.12,100,0,0,"E","P"
"126","AA",20070504,"9:31:03",35.12,100,0,0,"E","P"
"134","AA",20070504,"9:31:11",35.13,100,0,0,"E","P"
"139","AA",20070504,"9:31:12",35.12,100,0,0,"E","P"
"140","AA",20070504,"9:31:12",35.12,100,0,0,"E","P"
"149","AA",20070504,"9:31:13",35.12,100,0,0,"E","P"
"150","AA",20070504,"9:31:13",35.12,100,0,0,"E","P"
"167","AA",20070504,"9:31:24",35.13,100,0,0,"E","P"
"168","AA",20070504,"9:31:24",35.13,100,0,0,"E","P"
"169","AA",20070504,"9:31:24",35.13,100,0,0,"E","P"
"191","AA",20070504,"9:31:33",35.13,100,0,0,"E","P"
"192","AA",20070504,"9:31:33",35.13,100,0,0,"E","P"
"197","AA",20070504,"9:31:34",35.13,100,0,0,"E","P"
"198","AA",20070504,"9:31:34",35.13,100,0,0,"E","P"
"205","AA",20070504,"9:31:46",35.09,100,0,0,"E","P"
"206","AA",20070504,"9:31:46",35.09,100,0,0,"E","P"
"230","AA",20070504,"9:32:11",35.14,100,0,0,"F","P"
"233","AA",20070504,"9:32:14",35.14,100,0,0,"E","P"
"234","AA",20070504,"9:32:14",35.14,100,0,0,"E","P"
"235","AA",20070504,"9:32:14",35.14,100,0,0,"E","P"
"291","AA",20070504,"9:33:10",35.1,100,0,0,"E","P"
"292","AA",20070504,"9:33:10",35.1,100,0,0,"E","P"
"293","AA",20070504,"9:33:10",35.1,100,0,0,"E","P"
"306","AA",20070504,"9:33:14",35.14,100,0,0,"E","P"
"307","AA",20070504,"9:33:14",35.14,100,0,0,"E","P"
"308","AA",20070504,"9:33:14",35.12,100,0,0,"E","P"
"309","AA",20070504,"9:33:14",35.12,100,0,0,"E","P"
"321","AA",20070504,"9:33:15",35.12,100,0,0,"E","P"
"328","AA",20070504,"9:33:16",35.11,100,0,0,"E","P"
"329","AA",20070504,"9:33:16",35.11,100,0,0,"E","P"
"333","AA",20070504,"9:33:17",35.11,100,0,0,"E","P"
"339","AA",20070504,"9:33:19",35.12,100,0,0,"E","P"
"344","AA",20070504,"9:33:21",35.11,100,0,0,"E","P"
"348","AA",20070504,"9:33:22",35.13,100,0,0,"E","P"
"359","AA",20070504,"9:33:25",35.11,100,0,0,"E","P"
"365","AA",20070504,"9:33:30",35.12,100,0,0,"E","P"
"369","AA",20070504,"9:33:30",35.13,100,0,0,"E","P"
"380","AA",20070504,"9:33:33",35.12,100,0,0,"E","P"
"385","AA",20070504,"9:33:34",35.11,100,0,0,"E","P"
"395","AA",20070504,"9:33:43",35.11,100,0,0,"E","P"
"399","AA",20070504,"9:33:45",35.11,100,0,0,"E","P"
"436","AA",20070504,"9:34:04",35.06,100,0,0,"E","P"
"437","AA",20070504,"9:34:05",35.05,100,0,0,"E","P"
"467","AA",20070504,"9:34:10",35.07,100,0,0,"F","P"
"468","AA",20070504,"9:34:10",35.07,100,0,0,"F","P"
"469","AA",20070504,"9:34:10",35.11,100,0,0,"E","P"
"502","AA",20070504,"9:34:11",35.12,100,0,0,"E","P"
"504","AA",20070504,"9:34:11",35.12,100,0,0,"E","P"
"505","AA",20070504,"9:34:11",35.12,100,0,0,"E","P"
"506","AA",20070504,"9:34:11",35.12,100,0,0,"E","P"
"507","AA",20070504,"9:34:11",35.12,100,0,0,"E","P"
"508","AA",20070504,"9:34:11",35.12,100,0,0,"E","P"
"524","AA",20070504,"9:34:13",35.14,100,0,0,"E","P"
"525","AA",20070504,"9:34:13",35.14,100,0,0,"E","P"
"527","AA",20070504,"9:34:13",35.13,100,0,0,"E","P"
"528","AA",20070504,"9:34:13",35.13,100,0,0,"E","P"
"531","AA",20070504,"9:34:16",35.14,100,0,0,"E","P"
"543","AA",20070504,"9:34:24",35.14,100,0,0,"E","P"
"546","AA",20070504,"9:34:25",35.15,100,0,0,"E","P"
"547","AA",20070504,"9:34:26",35.14,100,0,0,"E","P"
"550","AA",20070504,"9:34:29",35.12,100,0,0,"E","P"
"570","AA",20070504,"9:34:38",35.13,100,0,0,"E","P"
"572","AA",20070504,"9:34:38",35.15,100,0,0,"E","P"
"574","AA",20070504,"9:34:39",35.12,100,0,0,"E","P"
"587","AA",20070504,"9:34:40",35.12,100,0,0,"E","P"
"592","AA",20070504,"9:34:47",35.11,100,0,0,"E","P"
"593","AA",20070504,"9:34:47",35.11,100,0,0,"E","P"
"606","AA",20070504,"9:34:53",35.11,100,0,0,"E","P"
"607","AA",20070504,"9:34:53",35.11,200,0,0,"E","P"
"647","AA",20070504,"9:35:42",35.1,200,0,0,"E","P"
"658","AA",20070504,"9:35:46",35.1,100,0,0,"E","P"
"724","AA",20070504,"9:37:39",35.03,200,0,0,"E","P"
"727","AA",20070504,"9:37:40",35.03,100,0,0,"E","P"
"730","AA",20070504,"9:37:47",35.03,100,0,0,"E","P"
"737","AA",20070504,"9:37:56",35.03,1600,0,0,"E","P"
"753","AA",20070504,"9:38:01",35.02,100,0,0,"E","P"
"754","AA",20070504,"9:38:01",35.02,100,0,0,"E","P"
"769","AA",20070504,"9:38:12",35.04,100,0,0,"E","P"
"778","AA",20070504,"9:38:17",35.02,100,0,0,"E","P"
"803","AA",20070504,"9:38:33",35.01,100,0,0,"E","P"
"833","AA",20070504,"9:39:09",35.02,100,0,0,"E","P"
"840","AA",20070504,"9:39:13",35.01,100,0,0,"E","P"
"852","AA",20070504,"9:39:30",35.01,100,0,0,"E","P"
"866","AA",20070504,"9:39:37",34.99,100,0,0,"E","P"
"870","AA",20070504,"9:39:37",34.99,100,0,0,"E","P"
"871","AA",20070504,"9:39:37",34.99,100,0,0,"E","P"
"881","AA",20070504,"9:39:38",34.97,100,0,0,"E","P"
"911","AA",20070504,"9:39:56",34.94,100,0,0,"E","P"
"919","AA",20070504,"9:40:02",34.95,100,0,0,"E","P"
"926","AA",20070504,"9:40:03",34.95,100,0,0,"E","P"
"956","AA",20070504,"9:40:12",34.94,100,0,0,"E","P"
"1021","AA",20070504,"9:40:37",35.05,100,0,0,"E","P"
"1022","AA",20070504,"9:40:37",35.05,100,0,0,"E","P"
"1035","AA",20070504,"9:40:47",35.02,100,0,0,"E","P"
"1061","AA",20070504,"9:40:51",34.95,100,0,0,"E","P"
"1062","AA",20070504,"9:40:51",34.95,100,0,0,"E","P"
"1063","AA",20070504,"9:40:52",34.96,100,0,0,"E","P"
"1080","AA",20070504,"9:40:54",34.94,100,0,0,"E","P"
"1098","AA",20070504,"9:41:01",34.96,100,0,0,"E","P"
"1105","AA",20070504,"9:41:02",34.96,100,0,0,"E","P"
"1114","AA",20070504,"9:41:23",34.95,100,0,0,"E","P"
"1130","AA",20070504,"9:41:34",34.96,100,0,0,"E","P"
"1131","AA",20070504,"9:41:34",34.96,300,0,0,"E","P"
"1132","AA",20070504,"9:41:34",34.96,100,0,0,"E","P"
"1157","AA",20070504,"9:41:46",35,100,0,0,"E","P"
"1172","AA",20070504,"9:41:55",35.01,100,0,0,"E","P"
"1173","AA",20070504,"9:41:55",35.01,100,0,0,"E","P"
"1181","AA",20070504,"9:42:02",34.97,100,0,0,"E","P"
"1199","AA",20070504,"9:42:13",34.98,100,0,0,"E","P"
"1213","AA",20070504,"9:42:15",34.99,100,0,0,"E","P"
"1223","AA",20070504,"9:42:24",34.99,100,0,0,"E","P"
"1224","AA",20070504,"9:42:24",34.99,100,0,0,"E","P"
"1235","AA",20070504,"9:42:42",35,100,0,0,"E","P"
"1237","AA",20070504,"9:42:48",35,100,0,0,"E","P"
"1248","AA",20070504,"9:42:52",34.99,100,0,0,"E","P"
"1249","AA",20070504,"9:42:52",34.99,100,0,0,"E","P"
"1250","AA",20070504,"9:42:52",34.99,100,0,0,"E","P"
"1251","AA",20070504,"9:42:52",34.99,100,0,0,"E","P"
"1252","AA",20070504,"9:42:52",34.99,100,0,0,"E","P"
"1261","AA",20070504,"9:43:04",34.95,100,0,0,"E","P"
"1281","AA",20070504,"9:43:11",34.96,100,0,0,"E","P"
"1282","AA",20070504,"9:43:11",34.96,100,0,0,"E","P"
"1321","AA",20070504,"9:43:56",34.98,100,0,0,"F","P"
"1349","AA",20070504,"9:44:08",35.03,300,0,0,"E","P"
"1353","AA",20070504,"9:44:10",35.04,100,0,0,"E","P"
"1361","AA",20070504,"9:44:15",35.05,100,0,0,"E","P"
"1362","AA",20070504,"9:44:15",35.05,100,0,0,"E","P"
"1363","AA",20070504,"9:44:15",35.05,100,0,0,"E","P"
"1379","AA",20070504,"9:44:24",35.06,300,0,0,"E","P"
"1385","AA",20070504,"9:44:29",35.07,100,0,0,"E","P"
"1402","AA",20070504,"9:44:40",35.1,100,0,0,"E","P"
"1412","AA",20070504,"9:44:40",35.1,300,0,0,"E","P"
"1413","AA",20070504,"9:44:40",35.1,400,0,0,"E","P"
"1414","AA",20070504,"9:44:40",35.1,100,0,0,"E","P"
"1430","AA",20070504,"9:45:04",35.06,100,0,0,"E","P"
"1431","AA",20070504,"9:45:04",35.06,100,0,0,"E","P"
"1432","AA",20070504,"9:45:05",35.06,100,0,0,"E","P"
"1451","AA",20070504,"9:45:26",35.01,200,0,0,"E","P"
"1452","AA",20070504,"9:45:26",35.01,100,0,0,"E","P"
"1455","AA",20070504,"9:45:27",35.02,100,0,0,"E","P"
"1488","AA",20070504,"9:46:17",35,100,0,0,"E","P"
"1525","AA",20070504,"9:46:28",35.05,100,0,0,"E","P"
"1532","AA",20070504,"9:46:28",35.05,100,0,0,"F","P"
"1559","AA",20070504,"9:46:29",35.02,100,0,0,"E","P"
"1567","AA",20070504,"9:46:29",35.03,200,0,0,"E","P"
"1571","AA",20070504,"9:46:30",35.05,100,0,0,"E","P"
"1572","AA",20070504,"9:46:30",35.05,100,0,0,"E","P"
"1573","AA",20070504,"9:46:30",35.05,100,0,0,"E","P"
"1583","AA",20070504,"9:46:31",35.07,100,0,0,"E","P"
"1584","AA",20070504,"9:46:32",35.08,100,0,0,"E","P"
"1592","AA",20070504,"9:46:32",35.08,100,0,0,"E","P"
"1606","AA",20070504,"9:46:33",35.07,100,0,0,"E","P"
"1607","AA",20070504,"9:46:33",35.07,100,0,0,"E","P"
"1608","AA",20070504,"9:46:33",35.07,100,0,0,"E","P"
"1610","AA",20070504,"9:46:33",35.09,100,0,0,"E","P"
"1616","AA",20070504,"9:46:34",35.07,100,0,0,"E","P"
"1619","AA",20070504,"9:46:34",35.09,100,0,0,"E","P"
"1623","AA",20070504,"9:46:35",35.08,100,0,0,"E","P"
"1636","AA",20070504,"9:46:40",35.07,100,0,0,"E","P"
"1637","AA",20070504,"9:46:40",35.08,100,0,0,"E","P"
"1644","AA",20070504,"9:46:54",35.09,100,0,0,"E","P"
"1658","AA",20070504,"9:47:18",35.08,100,0,0,"E","P"
"1685","AA",20070504,"9:47:32",35.09,100,0,0,"E","P"
"1686","AA",20070504,"9:47:32",35.09,100,0,0,"E","P"
"1687","AA",20070504,"9:47:32",35.09,100,0,0,"E","P"
"1688","AA",20070504,"9:47:32",35.09,100,0,0,"E","P"
"1689","AA",20070504,"9:47:32",35.09,100,0,0,"E","P"
"1690","AA",20070504,"9:47:32",35.09,100,0,0,"E","P"
"1691","AA",20070504,"9:47:32",35.1,100,0,0,"E","P"
"1692","AA",20070504,"9:47:32",35.1,100,0,0,"E","P"
"1693","AA",20070504,"9:47:32",35.1,100,0,0,"E","P"
"1694","AA",20070504,"9:47:33",35.1,100,0,0,"E","P"
"1695","AA",20070504,"9:47:33",35.1,100,0,0,"E","P"
"1696","AA",20070504,"9:47:33",35.1,100,0,0,"E","P"
"1697","AA",20070504,"9:47:33",35.1,100,0,0,"E","P"
"1698","AA",20070504,"9:47:33",35.1,200,0,0,"E","P"
"1699","AA",20070504,"9:47:33",35.1,300,0,0,"E","P"
"1709","AA",20070504,"9:47:33",35.1,200,0,0,"E","P"
"1719","AA",20070504,"9:47:34",35.1,100,0,0,"E","P"
"1720","AA",20070504,"9:47:34",35.1,100,0,0,"E","P"
"1721","AA",20070504,"9:47:34",35.1,300,0,0,"E","P"
"1722","AA",20070504,"9:47:34",35.1,100,0,0,"E","P"
"1723","AA",20070504,"9:47:34",35.1,100,0,0,"E","P"
"1727","AA",20070504,"9:47:34",35.1,200,0,0,"E","P"
"1729","AA",20070504,"9:47:34",35.1,200,0,0,"E","P"
"1733","AA",20070504,"9:47:35",35.1,300,0,0,"E","P"
"1734","AA",20070504,"9:47:35",35.1,300,0,0,"E","P"
"1735","AA",20070504,"9:47:35",35.1,300,0,0,"E","P"
"1736","AA",20070504,"9:47:35",35.1,100,0,0,"E","P"
"1737","AA",20070504,"9:47:35",35.1,200,0,0,"E","P"
"1738","AA",20070504,"9:47:35",35.1,100,0,0,"E","P"
"1739","AA",20070504,"9:47:36",35.1,100,0,0,"E","P"
"1750","AA",20070504,"9:47:39",35.11,100,0,0,"E","P"
"1764","AA",20070504,"9:48:06",35.12,100,0,0,"E","P"
"1765","AA",20070504,"9:48:06",35.12,500,0,0,"E","P"
"1780","AA",20070504,"9:48:09",35.13,100,0,0,"E","P"
"1781","AA",20070504,"9:48:09",35.13,100,0,0,"E","P"
"1782","AA",20070504,"9:48:09",35.13,100,0,0,"E","P"
"1793","AA",20070504,"9:48:26",35.13,100,0,0,"E","P"
"1794","AA",20070504,"9:48:26",35.13,100,0,0,"E","P"
"1817","AA",20070504,"9:48:31",35.12,100,0,0,"E","P"
"1832","AA",20070504,"9:49:02",35.14,100,0,0,"E","P"
"1833","AA",20070504,"9:49:03",35.14,100,0,0,"E","P"
"1834","AA",20070504,"9:49:03",35.14,100,0,0,"E","P"
"1835","AA",20070504,"9:49:03",35.14,100,0,0,"E","P"
"1854","AA",20070504,"9:49:24",35.1,100,0,0,"E","P"
"1861","AA",20070504,"9:49:27",35.07,100,0,0,"E","P"
"1875","AA",20070504,"9:49:34",35.06,100,0,0,"E","P"
"1876","AA",20070504,"9:49:34",35.07,100,0,0,"E","P"
"1877","AA",20070504,"9:49:34",35.07,100,0,0,"E","P"
"1878","AA",20070504,"9:49:34",35.07,100,0,0,"E","P"
"1879","AA",20070504,"9:49:34",35.08,100,0,0,"E","P"
"1880","AA",20070504,"9:49:34",35.08,100,0,0,"E","P"
"1881","AA",20070504,"9:49:34",35.08,100,0,0,"E","P"
"1882","AA",20070504,"9:49:34",35.08,100,0,0,"E","P"
"1883","AA",20070504,"9:49:34",35.08,100,0,0,"E","P"
"1884","AA",20070504,"9:49:34",35.08,100,0,0,"E","P"
"1885","AA",20070504,"9:49:34",35.08,100,0,0,"E","P"
"1886","AA",20070504,"9:49:34",35.08,100,0,0,"E","P"
"1887","AA",20070504,"9:49:34",35.09,100,0,0,"E","P"
"1888","AA",20070504,"9:49:34",35.09,100,0,0,"E","P"
"1889","AA",20070504,"9:49:34",35.09,100,0,0,"E","P"
"1890","AA",20070504,"9:49:34",35.09,100,0,0,"E","P"
"1891","AA",20070504,"9:49:34",35.09,100,0,0,"E","P"
"1892","AA",20070504,"9:49:34",35.09,100,0,0,"E","P"
"1893","AA",20070504,"9:49:34",35.09,100,0,0,"E","P"
"1894","AA",20070504,"9:49:34",35.09,100,0,0,"E","P"
"1895","AA",20070504,"9:49:34",35.09,100,0,0,"E","P"
"1896","AA",20070504,"9:49:34",35.09,100,0,0,"E","P"
"1897","AA",20070504,"9:49:34",35.09,100,0,0,"E","P"
"1898","AA",20070504,"9:49:34",35.09,100,0,0,"F","P"
"1899","AA",20070504,"9:49:34",35.09,300,0,0,"F","P"
"1900","AA",20070504,"9:49:34",35.09,100,0,0,"F","P"
"1901","AA",20070504,"9:49:34",35.09,100,0,0,"E","P"
"1904","AA",20070504,"9:49:35",35.11,100,0,0,"E","P"
"1907","AA",20070504,"9:49:35",35.12,100,0,0,"E","P"
"1932","AA",20070504,"9:49:36",35.12,100,0,0,"E","P"
"1933","AA",20070504,"9:49:36",35.13,100,0,0,"E","P"
"1934","AA",20070504,"9:49:36",35.12,100,0,0,"F","P"
"1944","AA",20070504,"9:49:37",35.11,100,0,0,"E","P"
"1954","AA",20070504,"9:49:40",35.09,100,0,0,"E","P"
"1955","AA",20070504,"9:49:42",35.09,100,0,0,"E","P"
"1956","AA",20070504,"9:49:43",35.09,100,0,0,"E","P"
"1964","AA",20070504,"9:49:45",35.1,100,0,0,"E","P"
"1965","AA",20070504,"9:49:45",35.1,100,0,0,"E","P"
"1966","AA",20070504,"9:49:45",35.1,100,0,0,"E","P"
"1967","AA",20070504,"9:49:45",35.1,100,0,0,"E","P"
"1968","AA",20070504,"9:49:45",35.1,100,0,0,"E","P"
"1969","AA",20070504,"9:49:45",35.1,100,0,0,"E","P"
"1970","AA",20070504,"9:49:45",35.1,100,0,0,"E","P"
"1971","AA",20070504,"9:49:45",35.11,100,0,0,"E","P"
"1972","AA",20070504,"9:49:45",35.11,100,0,0,"E","P"
"1973","AA",20070504,"9:49:45",35.11,100,0,0,"E","P"
"1974","AA",20070504,"9:49:45",35.11,100,0,0,"E","P"
"1975","AA",20070504,"9:49:45",35.11,100,0,0,"E","P"
"1976","AA",20070504,"9:49:45",35.11,100,0,0,"E","P"
"1977","AA",20070504,"9:49:45",35.11,100,0,0,"E","P"
"1978","AA",20070504,"9:49:45",35.11,100,0,0,"E","P"
"1980","AA",20070504,"9:49:45",35.11,100,0,0,"F","P"
"1981","AA",20070504,"9:49:45",35.11,100,0,0,"E","P"
"1982","AA",20070504,"9:49:45",35.11,800,0,0,"E","P"
"1986","AA",20070504,"9:49:45",35.11,100,0,0,"E","P"
"1987","AA",20070504,"9:49:45",35.11,400,0,0,"E","P"
"1992","AA",20070504,"9:49:45",35.11,100,0,0,"E","P"
"2010","AA",20070504,"9:50:00",35.13,100,0,0,"E","P"
"2026","AA",20070504,"9:50:00",35.13,100,0,0,"E","P"
"2027","AA",20070504,"9:50:00",35.12,100,0,0,"F","P"
"2028","AA",20070504,"9:50:00",35.12,100,0,0,"F","P"
"2031","AA",20070504,"9:50:01",35.12,100,0,0,"E","P"
"2038","AA",20070504,"9:50:01",35.11,100,0,0,"E","P"
"2039","AA",20070504,"9:50:01",35.11,100,0,0,"E","P"
"2044","AA",20070504,"9:50:02",35.11,100,0,0,"E","P"
"2048","AA",20070504,"9:50:02",35.11,100,0,0,"E","P"
"2049","AA",20070504,"9:50:02",35.11,100,0,0,"E","P"
"2050","AA",20070504,"9:50:02",35.11,100,0,0,"E","P"
"2051","AA",20070504,"9:50:02",35.11,100,0,0,"E","P"
"2052","AA",20070504,"9:50:02",35.11,100,0,0,"E","P"
"2067","AA",20070504,"9:50:02",35.12,100,0,0,"E","P"
"2068","AA",20070504,"9:50:02",35.12,100,0,0,"E","P"
"2069","AA",20070504,"9:50:02",35.12,100,0,0,"E","P"
"2070","AA",20070504,"9:50:02",35.12,100,0,0,"E","P"
"2071","AA",20070504,"9:50:02",35.12,100,0,0,"E","P"
"2072","AA",20070504,"9:50:02",35.12,100,0,0,"E","P"
"2073","AA",20070504,"9:50:02",35.13,100,0,0,"E","P"
"2074","AA",20070504,"9:50:02",35.13,100,0,0,"E","P"
"2075","AA",20070504,"9:50:02",35.13,100,0,0,"E","P"
"2076","AA",20070504,"9:50:02",35.13,100,0,0,"E","P"
"2077","AA",20070504,"9:50:02",35.13,100,0,0,"E","P"
"2078","AA",20070504,"9:50:02",35.13,100,0,0,"E","P"
"2079","AA",20070504,"9:50:02",35.13,100,0,0,"E","P"
"2080","AA",20070504,"9:50:02",35.13,100,0,0,"E","P"
"2081","AA",20070504,"9:50:02",35.13,100,0,0,"E","P"
"2082","AA",20070504,"9:50:02",35.13,100,0,0,"E","P"
"2088","AA",20070504,"9:50:02",35.13,100,0,0,"E","P"
"2089","AA",20070504,"9:50:02",35.13,100,0,0,"F","P"
"2090","AA",20070504,"9:50:02",35.13,100,0,0,"F","P"
"2091","AA",20070504,"9:50:02",35.13,100,0,0,"F","P"
"2092","AA",20070504,"9:50:02",35.13,100,0,0,"F","P"
"2093","AA",20070504,"9:50:02",35.13,1000,0,0,"F","P"
"2094","AA",20070504,"9:50:02",35.13,100,0,0,"E","P"
"2095","AA",20070504,"9:50:02",35.13,800,0,0,"E","P"
"2096","AA",20070504,"9:50:02",35.13,100,0,0,"E","P"
"2097","AA",20070504,"9:50:02",35.13,1000,0,0,"E","P"
"2098","AA",20070504,"9:50:02",35.13,100,0,0,"E","P"
"2099","AA",20070504,"9:50:02",35.13,100,0,0,"F","P"
"2100","AA",20070504,"9:50:02",35.13,100,0,0,"E","P"
"2101","AA",20070504,"9:50:02",35.13,900,0,0,"E","P"
"2102","AA",20070504,"9:50:03",35.13,100,0,0,"F","P"
"2103","AA",20070504,"9:50:03",35.13,400,0,0,"F","P"
"2116","AA",20070504,"9:50:03",35.13,100,0,0,"E","P"
"2119","AA",20070504,"9:50:04",35.14,100,0,0,"E","P"
"2120","AA",20070504,"9:50:04",35.14,100,0,0,"E","P"
"2121","AA",20070504,"9:50:04",35.14,100,0,0,"E","P"
"2122","AA",20070504,"9:50:04",35.14,100,0,0,"E","P"
"2123","AA",20070504,"9:50:04",35.14,100,0,0,"E","P"
"2124","AA",20070504,"9:50:04",35.14,100,0,0,"E","P"
"2130","AA",20070504,"9:50:28",35.15,100,0,0,"E","P"
"2131","AA",20070504,"9:50:28",35.15,100,0,0,"E","P"
"2132","AA",20070504,"9:50:28",35.15,100,0,0,"E","P"
"2192","AA",20070504,"9:51:03",35.16,100,0,0,"E","P"
"2193","AA",20070504,"9:51:03",35.16,100,0,0,"E","P"
"2194","AA",20070504,"9:51:03",35.16,200,0,0,"E","P"
"2203","AA",20070504,"9:51:06",35.18,100,0,0,"E","P"
"2207","AA",20070504,"9:51:07",35.18,100,0,0,"E","P"
"2217","AA",20070504,"9:51:22",35.19,100,0,0,"E","P"
"2229","AA",20070504,"9:51:42",35.17,200,0,0,"E","P"
"2241","AA",20070504,"9:51:55",35.17,100,0,0,"E","P"
"2242","AA",20070504,"9:51:57",35.17,100,0,0,"E","P"
"2243","AA",20070504,"9:51:57",35.17,200,0,0,"E","P"
"2247","AA",20070504,"9:51:57",35.15,100,0,0,"E","P"
"2248","AA",20070504,"9:51:57",35.15,100,0,0,"E","P"
"2256","AA",20070504,"9:51:58",35.16,100,0,0,"E","P"
"2257","AA",20070504,"9:51:58",35.16,100,0,0,"E","P"
"2258","AA",20070504,"9:51:58",35.16,100,0,0,"E","P"
"2260","AA",20070504,"9:51:59",35.16,100,0,0,"E","P"
"2261","AA",20070504,"9:51:59",35.16,100,0,0,"E","P"
"2301","AA",20070504,"9:52:46",35.16,100,0,0,"E","P"
"2302","AA",20070504,"9:52:46",35.16,100,0,0,"E","P"
"2307","AA",20070504,"9:52:53",35.17,100,0,0,"E","P"
"2308","AA",20070504,"9:52:53",35.17,100,0,0,"E","P"
"2309","AA",20070504,"9:52:53",35.17,100,0,0,"E","P"
"2327","AA",20070504,"9:53:25",35.17,100,0,0,"E","P"
"2347","AA",20070504,"9:53:32",35.18,100,0,0,"E","P"
"2348","AA",20070504,"9:53:32",35.18,100,0,0,"E","P"
"2349","AA",20070504,"9:53:32",35.18,100,0,0,"E","P"
"2350","AA",20070504,"9:53:32",35.18,100,0,0,"E","P"
"2351","AA",20070504,"9:53:32",35.18,100,0,0,"E","P"
"2352","AA",20070504,"9:53:33",35.18,100,0,0,"E","P"
"2363","AA",20070504,"9:53:56",35.19,100,0,0,"E","P"
"2364","AA",20070504,"9:53:56",35.19,100,0,0,"E","P"
"2365","AA",20070504,"9:53:56",35.19,100,0,0,"E","P"
"2379","AA",20070504,"9:54:08",35.2,100,0,0,"E","P"
"2380","AA",20070504,"9:54:08",35.2,100,0,0,"E","P"
"2381","AA",20070504,"9:54:08",35.2,100,0,0,"E","P"
"2382","AA",20070504,"9:54:08",35.2,100,0,0,"E","P"
"2383","AA",20070504,"9:54:08",35.2,600,0,0,"E","P"
"2385","AA",20070504,"9:54:20",35.2,200,0,0,"E","P"
"2386","AA",20070504,"9:54:20",35.2,100,0,0,"E","P"
"2395","AA",20070504,"9:54:24",35.18,100,0,0,"E","P"
"2397","AA",20070504,"9:54:24",35.18,100,0,0,"E","P"
"2398","AA",20070504,"9:54:24",35.17,100,0,0,"E","P"
"2399","AA",20070504,"9:54:25",35.17,100,0,0,"E","P"
"2400","AA",20070504,"9:54:25",35.17,100,0,0,"E","P"
"2402","AA",20070504,"9:54:25",35.19,100,0,0,"E","P"
"2403","AA",20070504,"9:54:25",35.19,100,0,0,"E","P"
"2424","AA",20070504,"9:54:36",35.17,100,0,0,"E","P"
"2425","AA",20070504,"9:54:36",35.17,100,0,0,"E","P"
"2426","AA",20070504,"9:54:36",35.17,100,0,0,"E","P"
"2427","AA",20070504,"9:54:36",35.17,100,0,0,"E","P"
"2428","AA",20070504,"9:54:36",35.17,100,0,0,"E","P"
"2429","AA",20070504,"9:54:36",35.17,100,0,0,"E","P"
"2432","AA",20070504,"9:54:37",35.17,100,0,0,"E","P"
"2447","AA",20070504,"9:54:59",35.18,100,0,0,"E","P"
"2448","AA",20070504,"9:54:59",35.18,100,0,0,"E","P"
"2449","AA",20070504,"9:54:59",35.18,100,0,0,"E","P"
"2450","AA",20070504,"9:54:59",35.18,100,0,0,"E","P"
"2464","AA",20070504,"9:55:17",35.18,100,0,0,"E","P"
"2465","AA",20070504,"9:55:17",35.18,100,0,0,"E","P"
"2466","AA",20070504,"9:55:18",35.18,100,0,0,"E","P"
"2483","AA",20070504,"9:55:27",35.18,200,0,0,"E","P"
"2484","AA",20070504,"9:55:27",35.18,300,0,0,"E","P"
"2490","AA",20070504,"9:55:31",35.18,200,0,0,"E","P"
"2491","AA",20070504,"9:55:31",35.18,100,0,0,"E","P"
"2526","AA",20070504,"9:56:27",35.17,200,0,0,"E","P"
"2533","AA",20070504,"9:56:31",35.17,100,0,0,"E","P"
"2534","AA",20070504,"9:56:31",35.17,100,0,0,"E","P"
"2540","AA",20070504,"9:56:34",35.17,100,0,0,"E","P"
"2553","AA",20070504,"9:56:40",35.18,200,0,0,"E","P"
"2554","AA",20070504,"9:56:40",35.18,100,0,0,"E","P"
"2555","AA",20070504,"9:56:40",35.18,200,0,0,"E","P"
"2556","AA",20070504,"9:56:40",35.18,300,0,0,"E","P"
"2569","AA",20070504,"9:56:53",35.19,100,0,0,"E","P"
"2570","AA",20070504,"9:56:53",35.19,100,0,0,"E","P"
"2571","AA",20070504,"9:56:53",35.19,100,0,0,"E","P"
"2572","AA",20070504,"9:56:53",35.19,100,0,0,"E","P"
"2573","AA",20070504,"9:56:53",35.19,100,0,0,"E","P"
"2577","AA",20070504,"9:57:04",35.18,100,0,0,"E","P"
"2579","AA",20070504,"9:57:05",35.19,100,0,0,"E","P"
"2580","AA",20070504,"9:57:05",35.19,300,0,0,"E","P"
"2589","AA",20070504,"9:57:17",35.19,600,0,0,"E","P"
"2592","AA",20070504,"9:57:19",35.19,400,0,0,"E","P"
"2602","AA",20070504,"9:57:28",35.2,100,0,0,"E","P"
"2603","AA",20070504,"9:57:28",35.2,100,0,0,"E","P"
"2604","AA",20070504,"9:57:28",35.2,200,0,0,"E","P"
"2612","AA",20070504,"9:57:40",35.2,100,0,0,"E","P"
"2613","AA",20070504,"9:57:40",35.2,100,0,0,"E","P"
"2614","AA",20070504,"9:57:40",35.2,700,0,0,"E","P"
"2623","AA",20070504,"9:57:51",35.2,100,0,0,"E","P"
"2624","AA",20070504,"9:57:52",35.2,200,0,0,"E","P"
"2625","AA",20070504,"9:57:52",35.2,200,0,0,"E","P"
"2626","AA",20070504,"9:57:52",35.2,500,0,0,"E","P"
"2632","AA",20070504,"9:58:04",35.2,300,0,0,"E","P"
"2634","AA",20070504,"9:58:08",35.2,200,0,0,"E","P"
"2635","AA",20070504,"9:58:08",35.2,100,0,0,"E","P"
"2636","AA",20070504,"9:58:08",35.2,200,0,0,"E","P"
"2637","AA",20070504,"9:58:08",35.2,100,0,0,"E","P"
"2673","AA",20070504,"9:58:39",35.21,800,0,0,"E","P"
"2675","AA",20070504,"9:58:40",35.21,200,0,0,"E","P"
"2678","AA",20070504,"9:58:42",35.21,100,0,0,"E","P"
"2680","AA",20070504,"9:58:49",35.22,300,0,0,"E","P"
"2682","AA",20070504,"9:58:49",35.22,200,0,0,"E","P"
"2690","AA",20070504,"9:58:53",35.23,100,0,0,"E","P"
"2700","AA",20070504,"9:58:55",35.24,100,0,0,"E","P"
"2701","AA",20070504,"9:58:55",35.24,100,0,0,"E","P"
"2702","AA",20070504,"9:58:55",35.24,100,0,0,"E","P"
"2703","AA",20070504,"9:58:55",35.24,100,0,0,"E","P"
"2704","AA",20070504,"9:58:55",35.24,100,0,0,"E","P"
"2705","AA",20070504,"9:58:55",35.24,100,0,0,"E","P"
"2706","AA",20070504,"9:58:55",35.24,100,0,0,"E","P"
"2708","AA",20070504,"9:58:57",35.24,100,0,0,"E","P"
"2717","AA",20070504,"9:59:15",35.24,100,0,0,"E","P"
"2719","AA",20070504,"9:59:17",35.24,100,0,0,"E","P"
"2728","AA",20070504,"9:59:23",35.24,800,0,0,"E","P"
"2755","AA",20070504,"9:59:59",35.27,600,0,0,"E","P"
"2768","AA",20070504,"10:00:01",35.26,100,0,0,"E","P"
"2769","AA",20070504,"10:00:01",35.26,100,0,0,"E","P"
"2770","AA",20070504,"10:00:01",35.26,100,0,0,"E","P"
"2771","AA",20070504,"10:00:01",35.26,100,0,0,"E","P"
"2772","AA",20070504,"10:00:02",35.26,100,0,0,"E","P"
"2773","AA",20070504,"10:00:02",35.26,300,0,0,"E","P"
"2774","AA",20070504,"10:00:02",35.26,300,0,0,"E","P"
"2804","AA",20070504,"10:00:11",35.26,200,0,0,"E","P"
"2805","AA",20070504,"10:00:11",35.26,100,0,0,"E","P"
"2806","AA",20070504,"10:00:11",35.26,200,0,0,"E","P"
"2807","AA",20070504,"10:00:11",35.26,100,0,0,"E","P"
"2808","AA",20070504,"10:00:11",35.26,100,0,0,"E","P"
"2809","AA",20070504,"10:00:11",35.26,100,0,0,"E","P"
"2810","AA",20070504,"10:00:11",35.26,100,0,0,"E","P"
"2811","AA",20070504,"10:00:12",35.26,200,0,0,"E","P"
"2812","AA",20070504,"10:00:12",35.26,400,0,0,"E","P"
"2813","AA",20070504,"10:00:12",35.26,300,0,0,"E","P"
"2814","AA",20070504,"10:00:12",35.26,200,0,0,"E","P"
"2816","AA",20070504,"10:00:14",35.26,500,0,0,"E","P"
"2817","AA",20070504,"10:00:14",35.26,100,0,0,"E","P"
"2824","AA",20070504,"10:00:15",35.27,200,0,0,"E","P"
"2857","AA",20070504,"10:00:27",35.3,100,0,0,"E","P"
"2858","AA",20070504,"10:00:27",35.3,100,0,0,"E","P"
"2862","AA",20070504,"10:00:37",35.32,100,0,0,"E","P"
"2875","AA",20070504,"10:00:38",35.32,100,0,0,"E","P"
"2921","AA",20070504,"10:00:52",35.34,100,0,0,"E","P"
"2923","AA",20070504,"10:00:53",35.34,100,0,0,"E","P"
"2936","AA",20070504,"10:00:55",35.35,100,0,0,"E","P"
"2937","AA",20070504,"10:00:55",35.35,100,0,0,"E","P"
"2938","AA",20070504,"10:00:55",35.35,500,0,0,"E","P"
"2939","AA",20070504,"10:00:55",35.35,100,0,0,"E","P"
"2940","AA",20070504,"10:00:56",35.35,900,0,0,"E","P"
"2941","AA",20070504,"10:00:56",35.35,100,0,0,"E","P"
"2956","AA",20070504,"10:00:57",35.36,1000,0,0,"E","P"
"2963","AA",20070504,"10:01:01",35.37,100,0,0,"E","P"
"2972","AA",20070504,"10:01:05",35.37,100,0,0,"E","P"
"2990","AA",20070504,"10:01:08",35.38,100,0,0,"E","P"
"2991","AA",20070504,"10:01:08",35.38,100,0,0,"E","P"
"2993","AA",20070504,"10:01:09",35.39,100,0,0,"E","P"
"2994","AA",20070504,"10:01:09",35.39,100,0,0,"E","P"
"3001","AA",20070504,"10:01:12",35.4,100,0,0,"E","P"
"3018","AA",20070504,"10:01:19",35.41,100,0,0,"E","P"
"3019","AA",20070504,"10:01:19",35.41,100,0,0,"E","P"
"3020","AA",20070504,"10:01:19",35.41,100,0,0,"E","P"
"3021","AA",20070504,"10:01:19",35.41,100,0,0,"E","P"
"3022","AA",20070504,"10:01:19",35.41,3700,0,0,"E","P"
"3023","AA",20070504,"10:01:20",35.4,100,0,0,"F","P"
"3024","AA",20070504,"10:01:20",35.4,100,0,0,"F","P"
"3025","AA",20070504,"10:01:20",35.4,100,0,0,"F","P"
"3026","AA",20070504,"10:01:20",35.4,100,0,0,"F","P"
"3027","AA",20070504,"10:01:20",35.4,100,0,0,"F","P"
"3034","AA",20070504,"10:01:20",35.41,100,0,0,"E","P"
"3036","AA",20070504,"10:01:20",35.41,400,0,0,"E","P"
"3037","AA",20070504,"10:01:20",35.41,100,0,0,"E","P"
"3038","AA",20070504,"10:01:20",35.41,100,0,0,"E","P"
"3041","AA",20070504,"10:01:20",35.41,100,0,0,"E","P"
"3042","AA",20070504,"10:01:20",35.41,100,0,0,"E","P"
"3056","AA",20070504,"10:01:26",35.41,100,0,0,"E","P"
"3057","AA",20070504,"10:01:26",35.41,100,0,0,"E","P"
"3073","AA",20070504,"10:01:30",35.39,100,0,0,"E","P"
"3074","AA",20070504,"10:01:30",35.39,100,0,0,"E","P"
"3075","AA",20070504,"10:01:30",35.39,100,0,0,"E","P"
"3084","AA",20070504,"10:01:37",35.38,100,0,0,"E","P"
"3085","AA",20070504,"10:01:37",35.38,100,0,0,"E","P"
"3086","AA",20070504,"10:01:37",35.38,100,0,0,"E","P"
"3087","AA",20070504,"10:01:37",35.38,100,0,0,"E","P"
"3088","AA",20070504,"10:01:37",35.38,100,0,0,"E","P"
"3098","AA",20070504,"10:01:39",35.37,100,0,0,"E","P"
"3099","AA",20070504,"10:01:40",35.37,100,0,0,"E","P"
"3100","AA",20070504,"10:01:40",35.37,100,0,0,"E","P"
"3101","AA",20070504,"10:01:40",35.37,100,0,0,"E","P"
"3115","AA",20070504,"10:01:41",35.37,200,0,0,"E","P"
"3116","AA",20070504,"10:01:41",35.37,100,0,0,"E","P"
"3117","AA",20070504,"10:01:41",35.37,100,0,0,"E","P"
"3118","AA",20070504,"10:01:41",35.37,100,0,0,"E","P"
"3119","AA",20070504,"10:01:41",35.37,100,0,0,"E","P"
"3124","AA",20070504,"10:01:41",35.37,100,0,0,"E","P"
"3128","AA",20070504,"10:01:45",35.39,100,0,0,"E","P"
"3142","AA",20070504,"10:01:47",35.39,100,0,0,"E","P"
"3143","AA",20070504,"10:01:47",35.39,100,0,0,"E","P"
"3144","AA",20070504,"10:01:47",35.39,100,0,0,"E","P"
"3183","AA",20070504,"10:01:54",35.4,100,0,0,"E","P"
"3184","AA",20070504,"10:01:54",35.4,100,0,0,"E","P"
"3186","AA",20070504,"10:01:54",35.39,100,0,0,"E","P"
"3187","AA",20070504,"10:01:54",35.39,100,0,0,"E","P"
"3188","AA",20070504,"10:01:54",35.39,100,0,0,"E","P"
"3189","AA",20070504,"10:01:54",35.39,100,0,0,"E","P"
"3190","AA",20070504,"10:01:54",35.39,100,0,0,"E","P"
"3191","AA",20070504,"10:01:54",35.39,100,0,0,"E","P"
"3196","AA",20070504,"10:01:55",35.38,100,0,0,"F","P"
"3207","AA",20070504,"10:02:01",35.39,100,0,0,"E","P"
"3208","AA",20070504,"10:02:01",35.39,100,0,0,"E","P"
"3227","AA",20070504,"10:02:10",35.39,100,0,0,"E","P"
"3228","AA",20070504,"10:02:10",35.39,100,0,0,"E","P"
"3229","AA",20070504,"10:02:10",35.39,100,0,0,"E","P"
"3230","AA",20070504,"10:02:10",35.39,100,0,0,"E","P"
"3231","AA",20070504,"10:02:11",35.39,100,0,0,"E","P"
"3232","AA",20070504,"10:02:11",35.39,300,0,0,"E","P"
"3254","AA",20070504,"10:02:20",35.35,100,0,0,"E","P"
"3255","AA",20070504,"10:02:20",35.35,100,0,0,"E","P"
"3256","AA",20070504,"10:02:21",35.35,100,0,0,"E","P"
"3257","AA",20070504,"10:02:21",35.35,100,0,0,"E","P"
"3258","AA",20070504,"10:02:21",35.35,100,0,0,"E","P"
"3259","AA",20070504,"10:02:21",35.35,300,0,0,"E","P"
"3260","AA",20070504,"10:02:21",35.35,400,0,0,"E","P"
"3264","AA",20070504,"10:02:21",35.32,100,0,0,"E","P"
"3279","AA",20070504,"10:02:22",35.33,200,0,0,"E","P"
"3280","AA",20070504,"10:02:22",35.33,100,0,0,"E","P"
"3281","AA",20070504,"10:02:22",35.33,100,0,0,"E","P"
"3282","AA",20070504,"10:02:22",35.33,200,0,0,"E","P"
"3283","AA",20070504,"10:02:22",35.34,100,0,0,"E","P"
"3284","AA",20070504,"10:02:22",35.34,100,0,0,"E","P"
"3285","AA",20070504,"10:02:22",35.34,100,0,0,"E","P"
"3286","AA",20070504,"10:02:22",35.34,100,0,0,"E","P"
"3287","AA",20070504,"10:02:22",35.34,100,0,0,"E","P"
"3288","AA",20070504,"10:02:22",35.34,100,0,0,"E","P"
"3292","AA",20070504,"10:02:22",35.33,200,0,0,"E","P"
"3300","AA",20070504,"10:02:23",35.34,100,0,0,"E","P"
"3301","AA",20070504,"10:02:23",35.34,100,0,0,"E","P"
"3302","AA",20070504,"10:02:23",35.34,100,0,0,"E","P"
"3303","AA",20070504,"10:02:23",35.34,100,0,0,"E","P"
"3323","AA",20070504,"10:02:28",35.34,300,0,0,"E","P"
"3333","AA",20070504,"10:02:35",35.33,100,0,0,"E","P"
"3334","AA",20070504,"10:02:35",35.33,100,0,0,"E","P"
"3335","AA",20070504,"10:02:35",35.33,200,0,0,"E","P"
"3336","AA",20070504,"10:02:35",35.33,100,0,0,"E","P"
"3337","AA",20070504,"10:02:35",35.33,100,0,0,"E","P"
"3338","AA",20070504,"10:02:35",35.33,100,0,0,"E","P"
"3339","AA",20070504,"10:02:35",35.33,100,0,0,"E","P"
"3340","AA",20070504,"10:02:35",35.33,100,0,0,"E","P"
"3341","AA",20070504,"10:02:35",35.33,100,0,0,"E","P"
"3362","AA",20070504,"10:02:41",35.33,100,0,0,"E","P"
"3369","AA",20070504,"10:02:47",35.35,200,0,0,"E","P"
"3370","AA",20070504,"10:02:47",35.35,100,0,0,"E","P"
"3371","AA",20070504,"10:02:47",35.35,100,0,0,"E","P"
"3372","AA",20070504,"10:02:47",35.35,100,0,0,"E","P"
"3373","AA",20070504,"10:02:47",35.35,100,0,0,"E","P"
"3388","AA",20070504,"10:02:49",35.34,100,0,0,"E","P"
"3391","AA",20070504,"10:02:50",35.34,100,0,0,"E","P"
"3407","AA",20070504,"10:02:55",35.34,100,0,0,"E","P"
"3408","AA",20070504,"10:02:55",35.34,100,0,0,"E","P"
"3409","AA",20070504,"10:02:55",35.34,100,0,0,"E","P"
"3410","AA",20070504,"10:02:55",35.34,200,0,0,"E","P"
"3411","AA",20070504,"10:02:55",35.34,100,0,0,"E","P"
"3412","AA",20070504,"10:02:55",35.34,100,0,0,"E","P"
"3413","AA",20070504,"10:02:55",35.34,100,0,0,"E","P"
"3420","AA",20070504,"10:02:59",35.34,400,0,0,"E","P"
"3448","AA",20070504,"10:03:26",35.35,100,0,0,"E","P"
"3449","AA",20070504,"10:03:26",35.35,100,0,0,"E","P"
"3450","AA",20070504,"10:03:26",35.35,300,0,0,"E","P"
"3463","AA",20070504,"10:03:34",35.35,200,0,0,"E","P"
"3482","AA",20070504,"10:03:45",35.36,100,0,0,"E","P"
"3483","AA",20070504,"10:03:45",35.36,100,0,0,"E","P"
"3484","AA",20070504,"10:03:45",35.36,100,0,0,"E","P"
"3486","AA",20070504,"10:03:46",35.37,100,0,0,"E","P"
"3501","AA",20070504,"10:03:47",35.35,100,0,0,"E","P"
"3511","AA",20070504,"10:03:47",35.33,100,0,0,"E","P"
"3512","AA",20070504,"10:03:47",35.33,100,0,0,"E","P"
"3523","AA",20070504,"10:03:51",35.3,100,0,0,"E","P"
"3528","AA",20070504,"10:03:52",35.3,100,0,0,"E","P"
"3529","AA",20070504,"10:03:52",35.3,100,0,0,"E","P"
"3530","AA",20070504,"10:03:52",35.3,100,0,0,"E","P"
"3541","AA",20070504,"10:03:57",35.28,100,0,0,"E","P"
"3548","AA",20070504,"10:03:58",35.29,100,0,0,"E","P"
"3549","AA",20070504,"10:03:58",35.29,100,0,0,"E","P"
"3550","AA",20070504,"10:03:58",35.29,100,0,0,"E","P"
"3551","AA",20070504,"10:03:58",35.29,100,0,0,"E","P"
"3566","AA",20070504,"10:04:04",35.29,100,0,0,"E","P"
"3588","AA",20070504,"10:04:19",35.28,100,0,0,"E","P"
"3590","AA",20070504,"10:04:25",35.3,100,0,0,"E","P"
"3633","AA",20070504,"10:05:35",35.29,100,0,0,"E","P"
"3634","AA",20070504,"10:05:35",35.29,100,0,0,"E","P"
"3635","AA",20070504,"10:05:35",35.29,100,0,0,"E","P"
"3636","AA",20070504,"10:05:35",35.29,100,0,0,"E","P"
"3637","AA",20070504,"10:05:35",35.29,100,0,0,"E","P"
"3638","AA",20070504,"10:05:35",35.29,100,0,0,"E","P"
"3659","AA",20070504,"10:05:55",35.25,100,0,0,"E","P"
"3666","AA",20070504,"10:05:56",35.25,100,0,0,"E","P"
"3667","AA",20070504,"10:05:56",35.25,100,0,0,"E","P"
"3680","AA",20070504,"10:05:59",35.25,100,0,0,"E","P"
"3681","AA",20070504,"10:05:59",35.25,100,0,0,"E","P"
"3682","AA",20070504,"10:05:59",35.25,100,0,0,"E","P"
"3683","AA",20070504,"10:05:59",35.25,100,0,0,"E","P"
"3684","AA",20070504,"10:05:59",35.25,100,0,0,"E","P"
"3685","AA",20070504,"10:05:59",35.25,100,0,0,"E","P"
"3691","AA",20070504,"10:06:00",35.25,100,0,0,"E","P"
"3730","AA",20070504,"10:06:22",35.28,100,0,0,"E","P"
"3738","AA",20070504,"10:06:26",35.28,100,0,0,"E","P"
"3739","AA",20070504,"10:06:26",35.28,100,0,0,"E","P"
"3740","AA",20070504,"10:06:26",35.28,100,0,0,"E","P"
"3754","AA",20070504,"10:06:42",35.27,100,0,0,"E","P"
"3755","AA",20070504,"10:06:42",35.27,100,0,0,"E","P"
"3767","AA",20070504,"10:07:06",35.27,100,0,0,"E","P"
"3769","AA",20070504,"10:07:07",35.27,100,0,0,"E","P"
"3771","AA",20070504,"10:07:07",35.27,100,0,0,"E","P"
"3813","AA",20070504,"10:07:42",35.27,100,0,0,"E","P"
"3814","AA",20070504,"10:07:42",35.27,100,0,0,"E","P"
"3815","AA",20070504,"10:07:42",35.27,100,0,0,"E","P"
"3816","AA",20070504,"10:07:42",35.27,100,0,0,"E","P"
"3840","AA",20070504,"10:07:53",35.25,100,0,0,"E","P"
"3851","AA",20070504,"10:07:53",35.25,100,0,0,"E","P"
"3852","AA",20070504,"10:07:53",35.25,100,0,0,"E","P"
"3853","AA",20070504,"10:07:53",35.25,100,0,0,"E","P"
"3854","AA",20070504,"10:07:53",35.25,100,0,0,"E","P"
"3855","AA",20070504,"10:07:54",35.25,100,0,0,"E","P"
"3856","AA",20070504,"10:07:54",35.25,300,0,0,"E","P"
"3870","AA",20070504,"10:08:14",35.25,100,0,0,"E","P"
"3871","AA",20070504,"10:08:14",35.25,100,0,0,"E","P"
"3872","AA",20070504,"10:08:14",35.25,100,0,0,"E","P"
"3873","AA",20070504,"10:08:14",35.26,100,0,0,"F","P"
"3892","AA",20070504,"10:08:42",35.22,100,0,0,"E","P"
"3893","AA",20070504,"10:08:42",35.22,100,0,0,"E","P"
"3919","AA",20070504,"10:08:47",35.22,100,0,0,"E","P"
"3920","AA",20070504,"10:08:47",35.22,100,0,0,"E","P"
"3950","AA",20070504,"10:09:19",35.23,100,0,0,"E","P"
"3968","AA",20070504,"10:09:32",35.23,100,0,0,"E","P"
"3969","AA",20070504,"10:09:32",35.23,100,0,0,"E","P"
"3970","AA",20070504,"10:09:32",35.23,100,0,0,"E","P"
"3971","AA",20070504,"10:09:32",35.23,200,0,0,"E","P"
"3972","AA",20070504,"10:09:32",35.23,100,0,0,"E","P"
"4028","AA",20070504,"10:09:57",35.26,100,0,0,"E","P"
"4029","AA",20070504,"10:09:57",35.26,100,0,0,"E","P"
"4030","AA",20070504,"10:09:57",35.26,100,0,0,"E","P"
"4031","AA",20070504,"10:09:57",35.26,100,0,0,"E","P"
"4032","AA",20070504,"10:09:57",35.26,100,0,0,"E","P"
"4033","AA",20070504,"10:09:57",35.26,100,0,0,"E","P"
"4040","AA",20070504,"10:10:04",35.25,100,0,0,"E","P"
"4042","AA",20070504,"10:10:06",35.26,100,0,0,"E","P"
"4051","AA",20070504,"10:10:09",35.26,100,0,0,"E","P"
"4054","AA",20070504,"10:10:10",35.27,100,0,0,"E","P"
"4060","AA",20070504,"10:10:30",35.27,100,0,0,"E","P"
"4061","AA",20070504,"10:10:30",35.27,100,0,0,"E","P"
"4064","AA",20070504,"10:10:33",35.26,100,0,0,"E","P"
"4065","AA",20070504,"10:10:33",35.26,100,0,0,"E","P"
"4066","AA",20070504,"10:10:33",35.26,100,0,0,"E","P"
"4067","AA",20070504,"10:10:33",35.26,100,0,0,"E","P"
"4068","AA",20070504,"10:10:33",35.26,100,0,0,"E","P"
"4098","AA",20070504,"10:10:42",35.29,100,0,0,"E","P"
"4099","AA",20070504,"10:10:42",35.29,100,0,0,"E","P"
"4100","AA",20070504,"10:10:42",35.29,100,0,0,"E","P"
"4110","AA",20070504,"10:10:43",35.29,100,0,0,"E","P"
"4152","AA",20070504,"10:10:52",35.31,100,0,0,"E","P"
"4153","AA",20070504,"10:10:52",35.31,100,0,0,"E","P"
"4156","AA",20070504,"10:10:52",35.31,100,0,0,"E","P"
"4169","AA",20070504,"10:10:52",35.31,100,0,0,"E","P"
"4177","AA",20070504,"10:10:53",35.31,100,0,0,"E","P"
"4178","AA",20070504,"10:10:53",35.31,100,0,0,"E","P"
"4184","AA",20070504,"10:10:53",35.31,100,0,0,"E","P"
"4188","AA",20070504,"10:10:54",35.32,100,0,0,"E","P"
"4189","AA",20070504,"10:10:54",35.32,100,0,0,"E","P"
"4204","AA",20070504,"10:11:09",35.34,200,0,0,"E","P"
"4214","AA",20070504,"10:11:12",35.34,100,0,0,"E","P"
"4240","AA",20070504,"10:11:25",35.35,100,0,0,"E","P"
"4246","AA",20070504,"10:11:26",35.33,100,0,0,"E","P"
"4253","AA",20070504,"10:11:27",35.34,300,0,0,"E","P"
"4254","AA",20070504,"10:11:27",35.34,100,0,0,"E","P"
"4255","AA",20070504,"10:11:27",35.34,100,0,0,"E","P"
"4260","AA",20070504,"10:11:27",35.34,100,0,0,"E","P"
"4263","AA",20070504,"10:11:28",35.34,200,0,0,"E","P"
"4288","AA",20070504,"10:11:59",35.34,100,0,0,"E","P"
"4289","AA",20070504,"10:11:59",35.34,100,0,0,"E","P"
"4290","AA",20070504,"10:11:59",35.34,100,0,0,"E","P"
"4291","AA",20070504,"10:11:59",35.34,100,0,0,"E","P"
"4292","AA",20070504,"10:11:59",35.34,100,0,0,"E","P"
"4296","AA",20070504,"10:12:01",35.33,100,0,0,"E","P"
"4297","AA",20070504,"10:12:01",35.33,100,0,0,"E","P"
"4298","AA",20070504,"10:12:01",35.33,100,0,0,"E","P"
"4301","AA",20070504,"10:12:07",35.33,100,0,0,"E","P"
"4318","AA",20070504,"10:12:28",35.34,100,0,0,"E","P"
"4337","AA",20070504,"10:12:31",35.33,100,0,0,"E","P"
"4338","AA",20070504,"10:12:32",35.33,100,0,0,"E","P"
"4339","AA",20070504,"10:12:32",35.33,100,0,0,"E","P"
"4340","AA",20070504,"10:12:32",35.33,100,0,0,"E","P"
"4341","AA",20070504,"10:12:32",35.33,100,0,0,"E","P"
"4342","AA",20070504,"10:12:32",35.33,100,0,0,"E","P"
"4356","AA",20070504,"10:12:43",35.34,100,0,0,"E","P"
"4357","AA",20070504,"10:12:43",35.34,100,0,0,"E","P"
"4358","AA",20070504,"10:12:43",35.34,100,0,0,"E","P"
"4359","AA",20070504,"10:12:43",35.34,100,0,0,"E","P"
"4367","AA",20070504,"10:12:55",35.34,100,0,0,"E","P"
"4378","AA",20070504,"10:13:08",35.32,100,0,0,"E","P"
"4383","AA",20070504,"10:13:12",35.31,100,0,0,"E","P"
"4386","AA",20070504,"10:13:16",35.31,100,0,0,"E","P"
"4387","AA",20070504,"10:13:16",35.31,100,0,0,"E","P"
"4388","AA",20070504,"10:13:16",35.31,100,0,0,"E","P"
"4389","AA",20070504,"10:13:16",35.31,100,0,0,"E","P"
"4390","AA",20070504,"10:13:16",35.31,100,0,0,"E","P"
"4391","AA",20070504,"10:13:16",35.31,100,0,0,"E","P"
"4395","AA",20070504,"10:13:19",35.3,100,0,0,"E","P"
"4428","AA",20070504,"10:13:37",35.28,100,0,0,"E","P"
"4429","AA",20070504,"10:13:37",35.28,100,0,0,"E","P"
"4430","AA",20070504,"10:13:37",35.28,100,0,0,"E","P"
"4431","AA",20070504,"10:13:37",35.28,100,0,0,"E","P"
"4438","AA",20070504,"10:13:38",35.28,100,0,0,"E","P"
"4446","AA",20070504,"10:13:42",35.29,100,0,0,"E","P"
"4447","AA",20070504,"10:13:42",35.29,100,0,0,"E","P"
"4448","AA",20070504,"10:13:42",35.29,100,0,0,"E","P"
"4449","AA",20070504,"10:13:42",35.29,100,0,0,"E","P"
"4450","AA",20070504,"10:13:42",35.29,100,0,0,"E","P"
"4451","AA",20070504,"10:13:42",35.29,100,0,0,"E","P"
"4452","AA",20070504,"10:13:42",35.29,100,0,0,"E","P"
"4453","AA",20070504,"10:13:42",35.29,100,0,0,"E","P"
"4460","AA",20070504,"10:13:51",35.29,100,0,0,"E","P"
"4466","AA",20070504,"10:13:52",35.29,100,0,0,"E","P"
"4469","AA",20070504,"10:13:53",35.3,100,0,0,"E","P"
"4472","AA",20070504,"10:13:54",35.3,600,0,0,"E","P"
"4483","AA",20070504,"10:13:56",35.29,100,0,0,"E","P"
"4485","AA",20070504,"10:13:56",35.29,100,0,0,"E","P"
"4487","AA",20070504,"10:13:57",35.29,100,0,0,"E","P"
"4488","AA",20070504,"10:13:57",35.29,100,0,0,"E","P"
"4489","AA",20070504,"10:13:57",35.29,100,0,0,"E","P"
"4491","AA",20070504,"10:14:00",35.3,100,0,0,"E","P"
"4492","AA",20070504,"10:14:00",35.3,100,0,0,"E","P"
"4533","AA",20070504,"10:14:52",35.31,100,0,0,"E","P"
"4534","AA",20070504,"10:14:52",35.31,100,0,0,"E","P"
"4535","AA",20070504,"10:14:52",35.31,100,0,0,"E","P"
"4536","AA",20070504,"10:14:52",35.31,100,0,0,"E","P"
"4556","AA",20070504,"10:15:13",35.31,100,0,0,"E","P"
"4557","AA",20070504,"10:15:13",35.31,100,0,0,"E","P"
"4558","AA",20070504,"10:15:13",35.31,100,0,0,"E","P"
"4568","AA",20070504,"10:15:15",35.32,100,0,0,"E","P"
"4575","AA",20070504,"10:15:21",35.32,100,0,0,"E","P"
"4579","AA",20070504,"10:15:27",35.33,100,0,0,"E","P"
"4580","AA",20070504,"10:15:27",35.33,100,0,0,"E","P"
"4581","AA",20070504,"10:15:27",35.33,100,0,0,"E","P"
"4592","AA",20070504,"10:15:37",35.31,100,0,0,"E","P"
"4593","AA",20070504,"10:15:37",35.31,100,0,0,"E","P"
"4600","AA",20070504,"10:15:46",35.31,100,0,0,"E","P"
"4601","AA",20070504,"10:15:50",35.32,100,0,0,"E","P"
"4602","AA",20070504,"10:15:50",35.32,100,0,0,"E","P"
"4603","AA",20070504,"10:15:50",35.32,100,0,0,"E","P"
"4604","AA",20070504,"10:15:50",35.32,100,0,0,"E","P"
"4605","AA",20070504,"10:15:50",35.32,100,0,0,"E","P"
"4606","AA",20070504,"10:15:50",35.32,100,0,0,"E","P"
"4611","AA",20070504,"10:15:51",35.31,400,0,0,"E","P"
"4612","AA",20070504,"10:15:51",35.31,100,0,0,"E","P"
"4613","AA",20070504,"10:15:51",35.31,100,0,0,"E","P"
"4614","AA",20070504,"10:15:51",35.31,100,0,0,"E","P"
"4615","AA",20070504,"10:15:51",35.31,100,0,0,"E","P"
"4628","AA",20070504,"10:15:51",35.32,100,0,0,"E","P"
"4629","AA",20070504,"10:15:51",35.32,100,0,0,"E","P"
"4630","AA",20070504,"10:15:51",35.32,100,0,0,"E","P"
"4631","AA",20070504,"10:15:51",35.32,100,0,0,"E","P"
"4632","AA",20070504,"10:15:51",35.32,100,0,0,"E","P"
"4633","AA",20070504,"10:15:51",35.32,100,0,0,"E","P"
"4637","AA",20070504,"10:15:51",35.32,100,0,0,"E","P"
"4638","AA",20070504,"10:15:51",35.32,100,0,0,"E","P"
"4639","AA",20070504,"10:15:51",35.32,100,0,0,"E","P"
"4640","AA",20070504,"10:15:51",35.32,100,0,0,"E","P"
"4641","AA",20070504,"10:15:51",35.32,100,0,0,"E","P"
"4642","AA",20070504,"10:15:51",35.32,100,0,0,"E","P"
"4643","AA",20070504,"10:15:51",35.32,100,0,0,"E","P"
"4644","AA",20070504,"10:15:51",35.32,100,0,0,"E","P"
"4647","AA",20070504,"10:15:51",35.32,100,0,0,"E","P"
"4648","AA",20070504,"10:15:51",35.32,100,0,0,"E","P"
"4649","AA",20070504,"10:15:51",35.32,100,0,0,"E","P"
"4650","AA",20070504,"10:15:51",35.32,100,0,0,"E","P"
"4653","AA",20070504,"10:15:51",35.32,100,0,0,"E","P"
"4660","AA",20070504,"10:15:53",35.32,100,0,0,"E","P"
"4661","AA",20070504,"10:15:53",35.32,100,0,0,"E","P"
"4662","AA",20070504,"10:15:53",35.32,100,0,0,"E","P"
"4663","AA",20070504,"10:15:53",35.32,100,0,0,"E","P"
"4664","AA",20070504,"10:15:53",35.32,100,0,0,"E","P"
"4665","AA",20070504,"10:15:53",35.32,100,0,0,"E","P"
"4666","AA",20070504,"10:15:53",35.32,100,0,0,"E","P"
"4667","AA",20070504,"10:15:53",35.32,100,0,0,"E","P"
"4670","AA",20070504,"10:15:54",35.32,100,0,0,"E","P"
"4671","AA",20070504,"10:15:54",35.32,100,0,0,"E","P"
"4683","AA",20070504,"10:16:02",35.31,100,0,0,"E","P"
"4684","AA",20070504,"10:16:02",35.31,100,0,0,"E","P"
"4685","AA",20070504,"10:16:02",35.31,100,0,0,"E","P"
"4707","AA",20070504,"10:16:13",35.33,100,0,0,"E","P"
"4708","AA",20070504,"10:16:13",35.33,100,0,0,"E","P"
"4709","AA",20070504,"10:16:13",35.33,100,0,0,"E","P"
"4710","AA",20070504,"10:16:13",35.33,100,0,0,"E","P"
"4711","AA",20070504,"10:16:13",35.33,100,0,0,"E","P"
"4712","AA",20070504,"10:16:13",35.33,100,0,0,"E","P"
"4713","AA",20070504,"10:16:13",35.32,100,0,0,"E","P"
"4733","AA",20070504,"10:16:36",35.35,100,0,0,"E","P"
"4734","AA",20070504,"10:16:36",35.35,100,0,0,"E","P"
"4736","AA",20070504,"10:16:36",35.34,100,0,0,"E","P"
"4744","AA",20070504,"10:16:37",35.34,100,0,0,"E","P"
"4745","AA",20070504,"10:16:37",35.34,100,0,0,"E","P"
"4765","AA",20070504,"10:17:59",35.34,100,0,0,"E","P"
"4768","AA",20070504,"10:18:10",35.35,300,0,0,"E","P"
"4774","AA",20070504,"10:18:18",35.35,400,0,0,"E","P"
"4775","AA",20070504,"10:18:18",35.35,100,0,0,"E","P"
"4807","AA",20070504,"10:18:33",35.36,100,0,0,"E","P"
"4808","AA",20070504,"10:18:33",35.36,100,0,0,"E","P"
"4809","AA",20070504,"10:18:33",35.36,100,0,0,"E","P"
"4810","AA",20070504,"10:18:33",35.36,100,0,0,"E","P"
"4816","AA",20070504,"10:18:44",35.37,100,0,0,"E","P"
"4817","AA",20070504,"10:18:44",35.37,100,0,0,"E","P"
"4818","AA",20070504,"10:18:44",35.37,100,0,0,"E","P"
"4819","AA",20070504,"10:18:44",35.37,100,0,0,"E","P"
"4824","AA",20070504,"10:19:05",35.36,100,0,0,"E","P"
"4843","AA",20070504,"10:19:23",35.36,100,0,0,"E","P"
"4850","AA",20070504,"10:19:24",35.36,100,0,0,"E","P"
"4855","AA",20070504,"10:19:31",35.36,100,0,0,"E","P"
"4859","AA",20070504,"10:19:32",35.36,100,0,0,"E","P"
"4860","AA",20070504,"10:19:33",35.36,100,0,0,"E","P"
"4862","AA",20070504,"10:19:34",35.36,100,0,0,"E","P"
"4876","AA",20070504,"10:19:56",35.36,100,0,0,"E","P"
"4879","AA",20070504,"10:20:06",35.36,100,0,0,"E","P"
"4903","AA",20070504,"10:21:16",35.37,100,0,0,"E","P"
"4904","AA",20070504,"10:21:16",35.37,100,0,0,"E","P"
"4905","AA",20070504,"10:21:16",35.37,100,0,0,"E","P"
"4913","AA",20070504,"10:21:28",35.36,100,0,0,"E","P"
"4914","AA",20070504,"10:21:28",35.36,100,0,0,"E","P"
"4915","AA",20070504,"10:21:28",35.36,100,0,0,"E","P"
"4918","AA",20070504,"10:21:30",35.36,200,0,0,"E","P"
"4919","AA",20070504,"10:21:30",35.36,100,0,0,"E","P"
"4929","AA",20070504,"10:21:39",35.37,100,0,0,"E","P"
"4930","AA",20070504,"10:21:39",35.37,100,0,0,"E","P"
"4931","AA",20070504,"10:21:39",35.37,100,0,0,"E","P"
"4940","AA",20070504,"10:21:47",35.36,100,0,0,"E","P"
"4941","AA",20070504,"10:21:47",35.36,100,0,0,"E","P"
"4942","AA",20070504,"10:21:47",35.36,100,0,0,"E","P"
"4943","AA",20070504,"10:21:47",35.36,100,0,0,"E","P"
"4949","AA",20070504,"10:21:49",35.36,100,0,0,"E","P"
"4950","AA",20070504,"10:21:49",35.36,100,0,0,"E","P"
"4952","AA",20070504,"10:21:51",35.36,100,0,0,"E","P"
"4969","AA",20070504,"10:22:12",35.37,100,0,0,"E","P"
"4998","AA",20070504,"10:22:49",35.39,200,0,0,"E","P"
"4999","AA",20070504,"10:22:49",35.39,100,0,0,"E","P"
"5000","AA",20070504,"10:22:49",35.39,100,0,0,"E","P"
"5007","AA",20070504,"10:23:01",35.4,400,0,0,"E","P"
"5016","AA",20070504,"10:23:24",35.4,300,0,0,"E","P"
"5022","AA",20070504,"10:23:36",35.4,300,0,0,"E","P"
"5023","AA",20070504,"10:23:36",35.4,100,0,0,"E","P"
"5024","AA",20070504,"10:23:36",35.4,100,0,0,"E","P"
"5032","AA",20070504,"10:24:22",35.4,100,0,0,"E","P"
"5056","AA",20070504,"10:24:43",35.4,100,0,0,"E","P"
"5075","AA",20070504,"10:24:54",35.4,100,0,0,"E","P"
"5077","AA",20070504,"10:24:57",35.4,100,0,0,"E","P"
"5082","AA",20070504,"10:24:59",35.4,100,0,0,"E","P"
"5109","AA",20070504,"10:25:44",35.4,100,0,0,"E","P"
"5110","AA",20070504,"10:25:44",35.4,100,0,0,"E","P"
"5111","AA",20070504,"10:25:44",35.4,100,0,0,"E","P"
"5112","AA",20070504,"10:25:44",35.4,100,0,0,"E","P"
"5113","AA",20070504,"10:25:44",35.4,100,0,0,"E","P"
"5116","AA",20070504,"10:25:56",35.4,100,0,0,"E","P"
"5117","AA",20070504,"10:25:56",35.4,100,0,0,"E","P"
"5118","AA",20070504,"10:25:56",35.4,100,0,0,"E","P"
"5120","AA",20070504,"10:25:59",35.39,100,0,0,"E","P"
"5121","AA",20070504,"10:25:59",35.39,200,0,0,"E","P"
"5122","AA",20070504,"10:25:59",35.39,100,0,0,"E","P"
"5123","AA",20070504,"10:25:59",35.39,100,0,0,"E","P"
"5124","AA",20070504,"10:25:59",35.39,100,0,0,"E","P"
"5125","AA",20070504,"10:25:59",35.39,100,0,0,"E","P"
"5126","AA",20070504,"10:25:59",35.39,100,0,0,"E","P"
"5127","AA",20070504,"10:25:59",35.39,100,0,0,"E","P"
"5128","AA",20070504,"10:25:59",35.39,100,0,0,"E","P"
"5134","AA",20070504,"10:26:05",35.38,100,0,0,"E","P"
"5166","AA",20070504,"10:26:32",35.4,100,0,0,"E","P"
"5167","AA",20070504,"10:26:32",35.4,100,0,0,"E","P"
"5168","AA",20070504,"10:26:32",35.4,100,0,0,"E","P"
"5169","AA",20070504,"10:26:32",35.4,100,0,0,"E","P"
"5170","AA",20070504,"10:26:32",35.4,100,0,0,"E","P"
"5171","AA",20070504,"10:26:32",35.4,100,0,0,"E","P"
"5172","AA",20070504,"10:26:32",35.4,100,0,0,"E","P"
"5173","AA",20070504,"10:26:32",35.4,100,0,0,"E","P"
"5182","AA",20070504,"10:26:42",35.41,200,0,0,"E","P"
"5203","AA",20070504,"10:26:48",35.42,100,0,0,"E","P"
"5204","AA",20070504,"10:26:48",35.42,100,0,0,"E","P"
"5212","AA",20070504,"10:27:07",35.42,200,0,0,"E","P"
"5214","AA",20070504,"10:27:08",35.42,100,0,0,"E","P"
"5231","AA",20070504,"10:27:23",35.41,100,0,0,"E","P"
"5245","AA",20070504,"10:27:28",35.4,100,0,0,"E","P"
"5263","AA",20070504,"10:27:40",35.41,200,0,0,"E","P"
"5289","AA",20070504,"10:28:50",35.39,100,0,0,"E","P"
"5296","AA",20070504,"10:28:57",35.37,100,0,0,"E","P"
"5297","AA",20070504,"10:28:57",35.37,100,0,0,"E","P"
"5298","AA",20070504,"10:28:57",35.37,100,0,0,"E","P"
"5299","AA",20070504,"10:28:57",35.37,100,0,0,"E","P"
"5300","AA",20070504,"10:28:57",35.37,100,0,0,"E","P"
"5301","AA",20070504,"10:28:57",35.37,100,0,0,"E","P"
"5302","AA",20070504,"10:28:57",35.37,200,0,0,"E","P"
"5303","AA",20070504,"10:28:57",35.37,100,0,0,"E","P"
"5304","AA",20070504,"10:28:57",35.37,100,0,0,"E","P"
"5305","AA",20070504,"10:28:57",35.37,100,0,0,"E","P"
"5312","AA",20070504,"10:29:02",35.37,100,0,0,"E","P"
"5313","AA",20070504,"10:29:02",35.37,200,0,0,"E","P"
"5314","AA",20070504,"10:29:02",35.37,100,0,0,"E","P"
"5315","AA",20070504,"10:29:02",35.37,100,0,0,"E","P"
"5316","AA",20070504,"10:29:02",35.37,100,0,0,"E","P"
"5317","AA",20070504,"10:29:02",35.37,100,0,0,"E","P"
"5318","AA",20070504,"10:29:02",35.37,100,0,0,"E","P"
"5331","AA",20070504,"10:29:25",35.36,100,0,0,"E","P"
"5332","AA",20070504,"10:29:25",35.36,300,0,0,"E","P"
"5333","AA",20070504,"10:29:25",35.36,100,0,0,"E","P"
"5334","AA",20070504,"10:29:25",35.36,100,0,0,"E","P"
"5335","AA",20070504,"10:29:25",35.36,900,0,0,"E","P"
"5338","AA",20070504,"10:29:32",35.36,100,0,0,"E","P"
"5339","AA",20070504,"10:29:32",35.36,100,0,0,"E","P"
"5340","AA",20070504,"10:29:32",35.36,100,0,0,"E","P"
"5341","AA",20070504,"10:29:32",35.36,100,0,0,"E","P"
"5342","AA",20070504,"10:29:32",35.36,100,0,0,"E","P"
"5343","AA",20070504,"10:29:32",35.36,100,0,0,"E","P"
"5344","AA",20070504,"10:29:32",35.36,100,0,0,"E","P"
"5362","AA",20070504,"10:29:33",35.36,100,0,0,"E","P"
"5390","AA",20070504,"10:29:37",35.35,200,0,0,"E","P"
"5391","AA",20070504,"10:29:37",35.35,200,0,0,"E","P"
"5392","AA",20070504,"10:29:37",35.35,100,0,0,"E","P"
"5393","AA",20070504,"10:29:37",35.35,100,0,0,"E","P"
"5394","AA",20070504,"10:29:37",35.35,100,0,0,"E","P"
"5395","AA",20070504,"10:29:37",35.35,100,0,0,"E","P"
"5396","AA",20070504,"10:29:37",35.35,100,0,0,"E","P"
"5397","AA",20070504,"10:29:37",35.35,100,0,0,"E","P"
"5398","AA",20070504,"10:29:37",35.35,100,0,0,"E","P"
"5399","AA",20070504,"10:29:37",35.35,100,0,0,"E","P"
"5400","AA",20070504,"10:29:37",35.35,100,0,0,"E","P"
"5401","AA",20070504,"10:29:37",35.35,100,0,0,"E","P"
"5402","AA",20070504,"10:29:38",35.35,100,0,0,"E","P"
"5403","AA",20070504,"10:29:38",35.35,100,0,0,"E","P"
"5404","AA",20070504,"10:29:38",35.35,100,0,0,"E","P"
"5405","AA",20070504,"10:29:38",35.35,100,0,0,"E","P"
"5408","AA",20070504,"10:29:46",35.35,200,0,0,"E","P"
"5409","AA",20070504,"10:29:46",35.35,100,0,0,"E","P"
"5431","AA",20070504,"10:30:00",35.35,200,0,0,"E","P"
"5432","AA",20070504,"10:30:00",35.35,200,0,0,"E","P"
"5433","AA",20070504,"10:30:00",35.35,100,0,0,"E","P"
"5434","AA",20070504,"10:30:00",35.35,100,0,0,"E","P"
"5435","AA",20070504,"10:30:00",35.35,100,0,0,"E","P"
"5436","AA",20070504,"10:30:00",35.35,100,0,0,"E","P"
"5437","AA",20070504,"10:30:00",35.35,100,0,0,"E","P"
"5438","AA",20070504,"10:30:00",35.35,100,0,0,"E","P"
"5439","AA",20070504,"10:30:00",35.35,100,0,0,"E","P"
"5440","AA",20070504,"10:30:00",35.35,100,0,0,"E","P"
"5441","AA",20070504,"10:30:00",35.35,100,0,0,"E","P"
"5442","AA",20070504,"10:30:00",35.35,100,0,0,"E","P"
"5443","AA",20070504,"10:30:00",35.35,100,0,0,"E","P"
"5444","AA",20070504,"10:30:00",35.35,100,0,0,"E","P"
"5445","AA",20070504,"10:30:00",35.35,100,0,0,"E","P"
"5446","AA",20070504,"10:30:00",35.35,100,0,0,"E","P"
"5447","AA",20070504,"10:30:00",35.35,100,0,0,"E","P"
"5448","AA",20070504,"10:30:00",35.35,300,0,0,"E","P"
"5488","AA",20070504,"10:33:41",35.35,100,0,0,"E","P"
"5489","AA",20070504,"10:33:41",35.35,100,0,0,"E","P"
"5490","AA",20070504,"10:33:41",35.35,100,0,0,"E","P"
"5491","AA",20070504,"10:33:41",35.35,100,0,0,"E","P"
"5492","AA",20070504,"10:33:41",35.35,100,0,0,"E","P"
"5493","AA",20070504,"10:33:41",35.35,100,0,0,"E","P"
"5494","AA",20070504,"10:33:41",35.35,100,0,0,"E","P"
"5495","AA",20070504,"10:33:41",35.35,100,0,0,"E","P"
"5496","AA",20070504,"10:33:41",35.35,100,0,0,"E","P"
"5497","AA",20070504,"10:33:41",35.35,200,0,0,"E","P"
"5498","AA",20070504,"10:33:41",35.35,400,0,0,"E","P"
"5501","AA",20070504,"10:33:47",35.35,100,0,0,"E","P"
"5502","AA",20070504,"10:33:48",35.35,100,0,0,"E","P"
"5503","AA",20070504,"10:33:48",35.35,100,0,0,"E","P"
"5504","AA",20070504,"10:33:49",35.35,100,0,0,"E","P"
"5506","AA",20070504,"10:33:51",35.35,100,0,0,"E","P"
"5511","AA",20070504,"10:33:52",35.35,100,0,0,"E","P"
"5512","AA",20070504,"10:33:52",35.35,100,0,0,"E","P"
"5513","AA",20070504,"10:33:52",35.35,100,0,0,"E","P"
"5514","AA",20070504,"10:33:52",35.35,100,0,0,"E","P"
"5538","AA",20070504,"10:33:54",35.35,100,0,0,"E","P"
"5539","AA",20070504,"10:33:54",35.35,100,0,0,"E","P"
"5540","AA",20070504,"10:33:55",35.35,100,0,0,"E","P"
"5541","AA",20070504,"10:33:55",35.35,100,0,0,"E","P"
"5546","AA",20070504,"10:34:04",35.35,1000,0,0,"E","P"
"5547","AA",20070504,"10:34:04",35.35,100,0,0,"E","P"
"5548","AA",20070504,"10:34:04",35.35,200,0,0,"E","P"
"5553","AA",20070504,"10:34:44",35.35,1000,0,0,"E","P"
"5558","AA",20070504,"10:34:44",35.35,100,0,0,"E","P"
"5568","AA",20070504,"10:34:44",35.36,100,0,0,"E","P"
"5583","AA",20070504,"10:34:51",35.38,100,0,0,"E","P"
"5584","AA",20070504,"10:34:51",35.38,100,0,0,"E","P"
"5585","AA",20070504,"10:34:51",35.38,100,0,0,"E","P"
"5586","AA",20070504,"10:34:51",35.38,100,0,0,"E","P"
"5587","AA",20070504,"10:34:51",35.38,100,0,0,"E","P"
"5588","AA",20070504,"10:34:51",35.38,100,0,0,"E","P"
"5589","AA",20070504,"10:34:51",35.38,100,0,0,"E","P"
"5590","AA",20070504,"10:34:51",35.38,100,0,0,"E","P"
"5591","AA",20070504,"10:34:51",35.38,100,0,0,"E","P"
"5606","AA",20070504,"10:35:02",35.38,200,0,0,"E","P"
"5627","AA",20070504,"10:35:08",35.38,100,0,0,"E","P"
"5628","AA",20070504,"10:35:08",35.38,100,0,0,"E","P"
"5629","AA",20070504,"10:35:08",35.38,200,0,0,"E","P"
"5632","AA",20070504,"10:35:14",35.38,100,0,0,"E","P"
"5633","AA",20070504,"10:35:14",35.38,100,0,0,"E","P"
"5634","AA",20070504,"10:35:14",35.38,100,0,0,"E","P"
"5635","AA",20070504,"10:35:14",35.38,100,0,0,"E","P"
"5636","AA",20070504,"10:35:14",35.38,100,0,0,"E","P"
"5637","AA",20070504,"10:35:14",35.38,100,0,0,"E","P"
"5638","AA",20070504,"10:35:14",35.38,100,0,0,"E","P"
"5639","AA",20070504,"10:35:14",35.38,100,0,0,"E","P"
"5644","AA",20070504,"10:35:26",35.38,100,0,0,"E","P"
"5645","AA",20070504,"10:35:26",35.38,100,0,0,"E","P"
"5672","AA",20070504,"10:35:28",35.38,100,0,0,"E","P"
"5673","AA",20070504,"10:35:28",35.38,100,0,0,"E","P"
"5676","AA",20070504,"10:35:29",35.38,100,0,0,"E","P"
"5685","AA",20070504,"10:35:37",35.38,100,0,0,"E","P"
"5686","AA",20070504,"10:35:37",35.38,100,0,0,"E","P"
"5689","AA",20070504,"10:35:39",35.38,100,0,0,"E","P"
"5723","AA",20070504,"10:35:49",35.36,100,0,0,"E","P"
"5734","AA",20070504,"10:35:49",35.36,100,0,0,"E","P"
"5735","AA",20070504,"10:35:49",35.36,100,0,0,"E","P"
"5736","AA",20070504,"10:35:49",35.36,100,0,0,"E","P"
"5737","AA",20070504,"10:35:49",35.36,100,0,0,"E","P"
"5738","AA",20070504,"10:35:49",35.36,100,0,0,"E","P"
"5739","AA",20070504,"10:35:49",35.36,100,0,0,"E","P"
"5740","AA",20070504,"10:35:49",35.36,100,0,0,"E","P"
"5741","AA",20070504,"10:35:49",35.36,100,0,0,"E","P"
"5744","AA",20070504,"10:35:56",35.35,100,0,0,"E","P"
"5745","AA",20070504,"10:35:56",35.35,100,0,0,"E","P"
"5746","AA",20070504,"10:35:56",35.35,100,0,0,"E","P"
"5747","AA",20070504,"10:35:56",35.35,100,0,0,"E","P"
"5748","AA",20070504,"10:35:56",35.35,100,0,0,"E","P"
"5749","AA",20070504,"10:35:56",35.35,200,0,0,"E","P"
"5750","AA",20070504,"10:35:57",35.36,100,0,0,"E","P"
"5752","AA",20070504,"10:36:01",35.36,100,0,0,"E","P"
"5753","AA",20070504,"10:36:01",35.36,100,0,0,"E","P"
"5754","AA",20070504,"10:36:01",35.36,100,0,0,"E","P"
"5755","AA",20070504,"10:36:01",35.36,100,0,0,"E","P"
"5756","AA",20070504,"10:36:01",35.36,100,0,0,"E","P"
"5757","AA",20070504,"10:36:01",35.36,100,0,0,"E","P"
"5758","AA",20070504,"10:36:01",35.36,100,0,0,"E","P"
"5759","AA",20070504,"10:36:01",35.36,100,0,0,"E","P"
"5760","AA",20070504,"10:36:01",35.36,100,0,0,"E","P"
"5763","AA",20070504,"10:36:12",35.36,100,0,0,"E","P"
"5764","AA",20070504,"10:36:12",35.36,100,0,0,"E","P"
"5765","AA",20070504,"10:36:12",35.36,100,0,0,"E","P"
"5778","AA",20070504,"10:36:20",35.35,100,0,0,"E","P"
"5784","AA",20070504,"10:36:24",35.35,100,0,0,"E","P"
"5797","AA",20070504,"10:36:36",35.35,100,0,0,"E","P"
"5802","AA",20070504,"10:37:10",35.36,100,0,0,"E","P"
"5804","AA",20070504,"10:37:18",35.35,100,0,0,"E","P"
"5805","AA",20070504,"10:37:18",35.35,100,0,0,"E","P"
"5811","AA",20070504,"10:37:34",35.36,100,0,0,"E","P"
"5812","AA",20070504,"10:37:34",35.36,100,0,0,"E","P"
"5813","AA",20070504,"10:37:34",35.36,100,0,0,"E","P"
"5814","AA",20070504,"10:37:34",35.36,100,0,0,"E","P"
"5818","AA",20070504,"10:37:49",35.35,200,0,0,"E","P"
"5819","AA",20070504,"10:37:49",35.35,100,0,0,"E","P"
"5820","AA",20070504,"10:37:49",35.35,100,0,0,"E","P"
"5826","AA",20070504,"10:37:50",35.35,100,0,0,"E","P"
"5859","AA",20070504,"10:38:05",35.35,100,0,0,"E","P"
"5860","AA",20070504,"10:38:05",35.35,100,0,0,"E","P"
"5861","AA",20070504,"10:38:05",35.35,200,0,0,"E","P"
"5865","AA",20070504,"10:38:19",35.36,100,0,0,"E","P"
"5866","AA",20070504,"10:38:19",35.36,100,0,0,"E","P"
"5867","AA",20070504,"10:38:19",35.36,100,0,0,"E","P"
"5868","AA",20070504,"10:38:19",35.36,100,0,0,"E","P"
"5869","AA",20070504,"10:38:19",35.36,100,0,0,"E","P"
"5870","AA",20070504,"10:38:19",35.36,100,0,0,"E","P"
"5871","AA",20070504,"10:38:19",35.36,800,0,0,"E","P"
"5882","AA",20070504,"10:38:19",35.36,100,0,0,"E","P"
"5883","AA",20070504,"10:38:19",35.36,400,0,0,"E","P"
"5893","AA",20070504,"10:38:19",35.35,100,0,0,"E","P"
"5894","AA",20070504,"10:38:19",35.35,100,0,0,"E","P"
"5895","AA",20070504,"10:38:19",35.35,100,0,0,"E","P"
"5896","AA",20070504,"10:38:19",35.35,100,0,0,"E","P"
"5897","AA",20070504,"10:38:19",35.35,100,0,0,"E","P"
"5898","AA",20070504,"10:38:19",35.35,100,0,0,"E","P"
"5899","AA",20070504,"10:38:19",35.36,100,0,0,"E","P"
"5903","AA",20070504,"10:38:21",35.36,100,0,0,"E","P"
"5904","AA",20070504,"10:38:21",35.36,100,0,0,"E","P"
"5905","AA",20070504,"10:38:21",35.36,100,0,0,"E","P"
"5906","AA",20070504,"10:38:21",35.36,100,0,0,"E","P"
"5907","AA",20070504,"10:38:21",35.36,100,0,0,"E","P"
"5936","AA",20070504,"10:39:19",35.34,100,0,0,"E","P"
"5937","AA",20070504,"10:39:19",35.34,100,0,0,"E","P"
"5938","AA",20070504,"10:39:19",35.34,100,0,0,"E","P"
"5939","AA",20070504,"10:39:19",35.34,200,0,0,"E","P"
"6002","AA",20070504,"10:40:13",35.32,100,0,0,"E","P"
"6003","AA",20070504,"10:40:13",35.32,100,0,0,"E","P"
"6004","AA",20070504,"10:40:13",35.32,100,0,0,"E","P"
"6005","AA",20070504,"10:40:13",35.32,100,0,0,"E","P"
"6006","AA",20070504,"10:40:13",35.32,100,0,0,"E","P"
"6007","AA",20070504,"10:40:13",35.32,100,0,0,"E","P"
"6008","AA",20070504,"10:40:13",35.32,100,0,0,"E","P"
"6009","AA",20070504,"10:40:13",35.32,100,0,0,"E","P"
"6010","AA",20070504,"10:40:13",35.32,400,0,0,"E","P"
"6011","AA",20070504,"10:40:13",35.32,300,0,0,"E","P"
"6013","AA",20070504,"10:40:19",35.32,100,0,0,"E","P"
"6014","AA",20070504,"10:40:19",35.32,100,0,0,"E","P"
"6015","AA",20070504,"10:40:19",35.32,100,0,0,"E","P"
"6016","AA",20070504,"10:40:19",35.32,100,0,0,"E","P"
"6017","AA",20070504,"10:40:19",35.32,100,0,0,"E","P"
"6018","AA",20070504,"10:40:19",35.32,100,0,0,"E","P"
"6046","AA",20070504,"10:40:22",35.33,100,0,0,"E","P"
"6047","AA",20070504,"10:40:22",35.33,100,0,0,"E","P"
"6048","AA",20070504,"10:40:22",35.33,100,0,0,"E","P"
"6056","AA",20070504,"10:40:25",35.34,100,0,0,"E","P"
"6057","AA",20070504,"10:40:25",35.34,100,0,0,"E","P"
"6070","AA",20070504,"10:40:40",35.33,100,0,0,"E","P"
"6106","AA",20070504,"10:41:14",35.29,100,0,0,"E","P"
"6153","AA",20070504,"10:41:40",35.26,100,0,0,"E","P"
"6154","AA",20070504,"10:41:40",35.26,100,0,0,"E","P"
"6155","AA",20070504,"10:41:40",35.26,500,0,0,"E","P"
"6160","AA",20070504,"10:41:40",35.26,100,0,0,"E","P"
"6162","AA",20070504,"10:41:43",35.26,400,0,0,"E","P"
"6165","AA",20070504,"10:41:44",35.26,100,0,0,"E","P"
"6173","AA",20070504,"10:41:46",35.26,100,0,0,"E","P"
"6184","AA",20070504,"10:41:57",35.26,100,0,0,"E","P"
"6185","AA",20070504,"10:41:57",35.26,100,0,0,"E","P"
"6189","AA",20070504,"10:42:00",35.26,100,0,0,"E","P"
"6195","AA",20070504,"10:42:08",35.27,100,0,0,"E","P"
"6196","AA",20070504,"10:42:08",35.27,100,0,0,"E","P"
"6197","AA",20070504,"10:42:08",35.27,200,0,0,"E","P"
"6201","AA",20070504,"10:42:35",35.27,100,0,0,"E","P"
"6205","AA",20070504,"10:42:42",35.27,100,0,0,"E","P"
"6207","AA",20070504,"10:42:43",35.27,600,0,0,"E","P"
"6228","AA",20070504,"10:42:53",35.27,100,0,0,"E","P"
"6237","AA",20070504,"10:43:00",35.27,100,0,0,"E","P"
"6250","AA",20070504,"10:43:28",35.26,100,0,0,"E","P"
"6251","AA",20070504,"10:43:28",35.26,100,0,0,"E","P"
"6257","AA",20070504,"10:43:30",35.26,100,0,0,"E","P"
"6282","AA",20070504,"10:44:19",35.25,200,0,0,"E","P"
"6283","AA",20070504,"10:44:19",35.25,100,0,0,"E","P"
"6284","AA",20070504,"10:44:19",35.25,100,0,0,"E","P"
"6285","AA",20070504,"10:44:19",35.25,100,0,0,"E","P"
"6286","AA",20070504,"10:44:19",35.25,100,0,0,"E","P"
"6287","AA",20070504,"10:44:19",35.25,100,0,0,"E","P"
"6291","AA",20070504,"10:44:38",35.25,100,0,0,"E","P"
"6293","AA",20070504,"10:44:38",35.25,100,0,0,"E","P"
"6294","AA",20070504,"10:44:38",35.25,100,0,0,"E","P"
"6295","AA",20070504,"10:44:38",35.25,100,0,0,"E","P"
"6296","AA",20070504,"10:44:39",35.25,100,0,0,"E","P"
"6297","AA",20070504,"10:44:39",35.25,100,0,0,"E","P"
"6298","AA",20070504,"10:44:39",35.25,100,0,0,"E","P"
"6313","AA",20070504,"10:45:19",35.25,100,0,0,"E","P"
"6335","AA",20070504,"10:45:19",35.25,100,0,0,"E","P"
"6342","AA",20070504,"10:45:19",35.25,100,0,0,"E","P"
"6349","AA",20070504,"10:45:23",35.25,100,0,0,"E","P"
"6354","AA",20070504,"10:45:23",35.25,100,0,0,"E","P"
"6355","AA",20070504,"10:45:23",35.25,100,0,0,"E","P"
"6356","AA",20070504,"10:45:24",35.25,100,0,0,"E","P"
"6357","AA",20070504,"10:45:24",35.25,100,0,0,"E","P"
"6359","AA",20070504,"10:45:24",35.25,100,0,0,"E","P"
"6360","AA",20070504,"10:45:24",35.25,100,0,0,"E","P"
"6362","AA",20070504,"10:45:25",35.25,100,0,0,"E","P"
"6367","AA",20070504,"10:45:25",35.25,100,0,0,"E","P"
"6385","AA",20070504,"10:45:48",35.26,100,0,0,"E","P"
"6386","AA",20070504,"10:45:48",35.26,100,0,0,"E","P"
"6387","AA",20070504,"10:45:48",35.26,100,0,0,"E","P"
"6388","AA",20070504,"10:45:48",35.26,100,0,0,"E","P"
"6389","AA",20070504,"10:45:48",35.26,100,0,0,"E","P"
"6390","AA",20070504,"10:45:48",35.26,400,0,0,"E","P"
"6391","AA",20070504,"10:45:48",35.26,100,0,0,"E","P"
"6400","AA",20070504,"10:45:49",35.26,100,0,0,"E","P"
"6401","AA",20070504,"10:45:49",35.26,100,0,0,"E","P"
"6404","AA",20070504,"10:45:49",35.26,100,0,0,"E","P"
"6431","AA",20070504,"10:45:52",35.27,100,0,0,"E","P"
"6432","AA",20070504,"10:45:52",35.27,100,0,0,"E","P"
"6433","AA",20070504,"10:45:52",35.27,100,0,0,"E","P"
"6434","AA",20070504,"10:45:52",35.27,100,0,0,"E","P"
"6435","AA",20070504,"10:45:52",35.27,100,0,0,"E","P"
"6445","AA",20070504,"10:45:55",35.27,100,0,0,"E","P"
"6446","AA",20070504,"10:45:55",35.27,100,0,0,"E","P"
"6447","AA",20070504,"10:45:55",35.27,100,0,0,"E","P"
"6448","AA",20070504,"10:45:55",35.27,100,0,0,"E","P"
"6449","AA",20070504,"10:45:55",35.27,100,0,0,"E","P"
"6463","AA",20070504,"10:45:56",35.27,100,0,0,"E","P"
"6464","AA",20070504,"10:45:56",35.27,100,0,0,"E","P"
"6465","AA",20070504,"10:45:56",35.27,100,0,0,"E","P"
"6466","AA",20070504,"10:45:56",35.27,100,0,0,"E","P"
"6471","AA",20070504,"10:45:58",35.27,100,0,0,"E","P"
"6472","AA",20070504,"10:45:58",35.27,100,0,0,"E","P"
"6473","AA",20070504,"10:45:58",35.27,100,0,0,"E","P"
"6474","AA",20070504,"10:45:58",35.27,100,0,0,"E","P"
"6492","AA",20070504,"10:46:13",35.29,100,0,0,"E","P"
"6493","AA",20070504,"10:46:13",35.29,100,0,0,"E","P"
"6494","AA",20070504,"10:46:13",35.29,100,0,0,"E","P"
"6495","AA",20070504,"10:46:13",35.29,100,0,0,"E","P"
"6496","AA",20070504,"10:46:13",35.29,1000,0,0,"E","P"
"6497","AA",20070504,"10:46:14",35.29,100,0,0,"E","P"
"6506","AA",20070504,"10:46:20",35.27,100,0,0,"E","P"
"6507","AA",20070504,"10:46:20",35.27,100,0,0,"E","P"
"6508","AA",20070504,"10:46:20",35.27,100,0,0,"E","P"
"6509","AA",20070504,"10:46:20",35.28,100,0,0,"E","P"
"6510","AA",20070504,"10:46:20",35.28,100,0,0,"E","P"
"6511","AA",20070504,"10:46:20",35.28,100,0,0,"E","P"
"6512","AA",20070504,"10:46:20",35.28,100,0,0,"E","P"
"6513","AA",20070504,"10:46:20",35.28,100,0,0,"E","P"
"6514","AA",20070504,"10:46:20",35.28,100,0,0,"E","P"
"6515","AA",20070504,"10:46:20",35.28,100,0,0,"E","P"
"6516","AA",20070504,"10:46:20",35.28,100,0,0,"E","P"
"6522","AA",20070504,"10:46:20",35.28,100,0,0,"E","P"
"6523","AA",20070504,"10:46:20",35.28,100,0,0,"E","P"
"6524","AA",20070504,"10:46:20",35.29,100,0,0,"E","P"
"6525","AA",20070504,"10:46:20",35.29,100,0,0,"E","P"
"6526","AA",20070504,"10:46:20",35.29,100,0,0,"E","P"
"6527","AA",20070504,"10:46:20",35.29,100,0,0,"E","P"
"6528","AA",20070504,"10:46:20",35.29,100,0,0,"E","P"
"6529","AA",20070504,"10:46:20",35.29,100,0,0,"E","P"
"6530","AA",20070504,"10:46:20",35.29,100,0,0,"E","P"
"6531","AA",20070504,"10:46:20",35.29,100,0,0,"E","P"
"6571","AA",20070504,"10:46:35",35.3,100,0,0,"E","P"
"6572","AA",20070504,"10:46:35",35.3,100,0,0,"E","P"
"6573","AA",20070504,"10:46:35",35.3,100,0,0,"E","P"
"6574","AA",20070504,"10:46:35",35.3,100,0,0,"E","P"
"6575","AA",20070504,"10:46:35",35.3,100,0,0,"E","P"
"6576","AA",20070504,"10:46:35",35.3,100,0,0,"E","P"
"6577","AA",20070504,"10:46:35",35.3,100,0,0,"E","P"
"6592","AA",20070504,"10:46:38",35.3,100,0,0,"E","P"
"6593","AA",20070504,"10:46:38",35.3,100,0,0,"E","P"
"6594","AA",20070504,"10:46:38",35.3,100,0,0,"E","P"
"6595","AA",20070504,"10:46:38",35.3,100,0,0,"E","P"
"6596","AA",20070504,"10:46:38",35.3,100,0,0,"E","P"
"6611","AA",20070504,"10:47:25",35.3,100,0,0,"E","P"
"6612","AA",20070504,"10:47:25",35.3,100,0,0,"E","P"
"6613","AA",20070504,"10:47:25",35.3,100,0,0,"E","P"
"6614","AA",20070504,"10:47:25",35.3,100,0,0,"E","P"
"6615","AA",20070504,"10:47:25",35.3,100,0,0,"E","P"
"6616","AA",20070504,"10:47:25",35.3,100,0,0,"E","P"
"6656","AA",20070504,"10:48:12",35.3,100,0,0,"E","P"
"6662","AA",20070504,"10:48:16",35.3,100,0,0,"E","P"
"6669","AA",20070504,"10:48:20",35.3,100,0,0,"E","P"
"6684","AA",20070504,"10:48:37",35.31,100,0,0,"E","P"
"6685","AA",20070504,"10:48:37",35.31,100,0,0,"E","P"
"6686","AA",20070504,"10:48:37",35.31,100,0,0,"E","P"
"6699","AA",20070504,"10:48:40",35.32,100,0,0,"E","P"
"6700","AA",20070504,"10:48:40",35.32,100,0,0,"E","P"
"6715","AA",20070504,"10:48:43",35.33,100,0,0,"E","P"
"6716","AA",20070504,"10:48:43",35.33,100,0,0,"E","P"
"6717","AA",20070504,"10:48:43",35.33,100,0,0,"E","P"
"6718","AA",20070504,"10:48:43",35.33,100,0,0,"E","P"
"6733","AA",20070504,"10:48:51",35.32,100,0,0,"E","P"
"6734","AA",20070504,"10:48:51",35.32,100,0,0,"E","P"
"6749","AA",20070504,"10:48:55",35.32,100,0,0,"E","P"
"6750","AA",20070504,"10:48:55",35.32,100,0,0,"E","P"
"6753","AA",20070504,"10:48:55",35.32,100,0,0,"E","P"
"6767","AA",20070504,"10:48:57",35.32,100,0,0,"E","P"
"6768","AA",20070504,"10:48:57",35.32,100,0,0,"E","P"
"6786","AA",20070504,"10:49:20",35.33,100,0,0,"E","P"
"6787","AA",20070504,"10:49:20",35.33,100,0,0,"E","P"
"6788","AA",20070504,"10:49:20",35.33,100,0,0,"E","P"
"6789","AA",20070504,"10:49:20",35.33,100,0,0,"E","P"
"6790","AA",20070504,"10:49:20",35.33,100,0,0,"E","P"
"6791","AA",20070504,"10:49:20",35.33,100,0,0,"E","P"
"6792","AA",20070504,"10:49:20",35.33,100,0,0,"E","P"
"6793","AA",20070504,"10:49:20",35.33,100,0,0,"E","P"
"6794","AA",20070504,"10:49:20",35.33,100,0,0,"E","P"
"6795","AA",20070504,"10:49:20",35.33,100,0,0,"E","P"
"6796","AA",20070504,"10:49:20",35.33,100,0,0,"E","P"
"6804","AA",20070504,"10:49:22",35.33,100,0,0,"E","P"
"6805","AA",20070504,"10:49:22",35.33,100,0,0,"E","P"
"6812","AA",20070504,"10:49:25",35.32,100,0,0,"E","P"
"6843","AA",20070504,"10:50:06",35.3,100,0,0,"E","P"
"6851","AA",20070504,"10:50:23",35.31,100,0,0,"E","P"
"6862","AA",20070504,"10:50:51",35.31,100,0,0,"E","P"
"6863","AA",20070504,"10:50:51",35.31,100,0,0,"E","P"
"6864","AA",20070504,"10:50:51",35.31,100,0,0,"E","P"
"6865","AA",20070504,"10:50:51",35.31,100,0,0,"E","P"
"6866","AA",20070504,"10:50:51",35.31,100,0,0,"E","P"
"6867","AA",20070504,"10:50:51",35.31,100,0,0,"E","P"
"6868","AA",20070504,"10:50:51",35.31,100,0,0,"E","P"
"6869","AA",20070504,"10:50:51",35.31,100,0,0,"E","P"
"6870","AA",20070504,"10:50:51",35.31,100,0,0,"E","P"
"6871","AA",20070504,"10:50:51",35.31,100,0,0,"E","P"
"6882","AA",20070504,"10:51:06",35.31,100,0,0,"E","P"
"6886","AA",20070504,"10:51:24",35.32,100,0,0,"E","P"
"6897","AA",20070504,"10:51:50",35.3,200,0,0,"E","P"
"6899","AA",20070504,"10:51:55",35.3,100,0,0,"E","P"
"6901","AA",20070504,"10:52:06",35.31,100,0,0,"E","P"
"6903","AA",20070504,"10:52:06",35.3,200,0,0,"E","P"
"6905","AA",20070504,"10:52:07",35.3,200,0,0,"E","P"
"6907","AA",20070504,"10:52:33",35.3,200,0,0,"E","P"
"6908","AA",20070504,"10:52:33",35.3,100,0,0,"E","P"
"6909","AA",20070504,"10:52:33",35.3,100,0,0,"E","P"
"6910","AA",20070504,"10:52:33",35.3,100,0,0,"E","P"
"6911","AA",20070504,"10:52:33",35.3,100,0,0,"E","P"
"6912","AA",20070504,"10:52:33",35.3,100,0,0,"E","P"
"6913","AA",20070504,"10:52:33",35.3,100,0,0,"E","P"
"6929","AA",20070504,"10:52:33",35.3,100,0,0,"E","P"
"6930","AA",20070504,"10:52:33",35.3,100,0,0,"E","P"
"6931","AA",20070504,"10:52:33",35.3,100,0,0,"E","P"
"6932","AA",20070504,"10:52:33",35.3,100,0,0,"E","P"
"6934","AA",20070504,"10:52:33",35.3,200,0,0,"E","P"
"6935","AA",20070504,"10:52:33",35.3,200,0,0,"E","P"
"6936","AA",20070504,"10:52:33",35.3,200,0,0,"E","P"
"6952","AA",20070504,"10:52:52",35.33,100,0,0,"E","P"
"6974","AA",20070504,"10:53:28",35.34,100,0,0,"E","P"
"6975","AA",20070504,"10:53:28",35.34,100,0,0,"E","P"
"6976","AA",20070504,"10:53:28",35.34,100,0,0,"E","P"
"6977","AA",20070504,"10:53:28",35.34,100,0,0,"E","P"
"6978","AA",20070504,"10:53:28",35.34,100,0,0,"E","P"
"6979","AA",20070504,"10:53:28",35.34,100,0,0,"E","P"
"6980","AA",20070504,"10:53:28",35.34,300,0,0,"E","P"
"7002","AA",20070504,"10:53:29",35.35,100,0,0,"E","P"
"7003","AA",20070504,"10:53:29",35.35,100,0,0,"E","P"
"7030","AA",20070504,"10:53:43",35.37,100,0,0,"E","P"
"7038","AA",20070504,"10:53:51",35.38,100,0,0,"E","P"
"7039","AA",20070504,"10:53:51",35.38,400,0,0,"E","P"
"7051","AA",20070504,"10:54:30",35.37,100,0,0,"E","P"
"7063","AA",20070504,"10:54:30",35.37,100,0,0,"E","P"
"7064","AA",20070504,"10:54:30",35.37,100,0,0,"E","P"
"7065","AA",20070504,"10:54:30",35.37,100,0,0,"E","P"
"7066","AA",20070504,"10:54:30",35.37,100,0,0,"E","P"
"7067","AA",20070504,"10:54:30",35.37,100,0,0,"E","P"
"7068","AA",20070504,"10:54:30",35.37,100,0,0,"E","P"
"7069","AA",20070504,"10:54:30",35.37,100,0,0,"E","P"
"7070","AA",20070504,"10:54:30",35.37,100,0,0,"E","P"
"7085","AA",20070504,"10:54:30",35.38,100,0,0,"E","P"
"7086","AA",20070504,"10:54:30",35.38,100,0,0,"E","P"
"7087","AA",20070504,"10:54:30",35.38,100,0,0,"E","P"
"7093","AA",20070504,"10:54:33",35.37,100,0,0,"E","P"
"7095","AA",20070504,"10:54:34",35.36,100,0,0,"E","P"
"7096","AA",20070504,"10:54:34",35.36,100,0,0,"E","P"
"7097","AA",20070504,"10:54:34",35.36,100,0,0,"E","P"
"7098","AA",20070504,"10:54:34",35.36,100,0,0,"E","P"
"7099","AA",20070504,"10:54:34",35.36,100,0,0,"E","P"
"7114","AA",20070504,"10:54:52",35.36,100,0,0,"E","P"
"7117","AA",20070504,"10:54:57",35.37,100,0,0,"E","P"
"7118","AA",20070504,"10:54:57",35.37,100,0,0,"E","P"
"7119","AA",20070504,"10:54:57",35.37,100,0,0,"E","P"
"7120","AA",20070504,"10:54:57",35.37,100,0,0,"E","P"
"7121","AA",20070504,"10:54:57",35.37,100,0,0,"E","P"
"7122","AA",20070504,"10:54:57",35.37,100,0,0,"E","P"
"7123","AA",20070504,"10:54:57",35.37,100,0,0,"E","P"
"7124","AA",20070504,"10:54:58",35.37,100,0,0,"E","P"
"7125","AA",20070504,"10:54:58",35.37,100,0,0,"E","P"
"7145","AA",20070504,"10:55:10",35.36,100,0,0,"E","P"
"7146","AA",20070504,"10:55:10",35.36,100,0,0,"E","P"
"7170","AA",20070504,"10:55:26",35.37,200,0,0,"E","P"
"7175","AA",20070504,"10:55:28",35.38,100,0,0,"E","P"
"7177","AA",20070504,"10:55:31",35.37,100,0,0,"E","P"
"7178","AA",20070504,"10:55:31",35.37,100,0,0,"E","P"
"7179","AA",20070504,"10:55:31",35.37,100,0,0,"E","P"
"7180","AA",20070504,"10:55:31",35.37,100,0,0,"E","P"
"7181","AA",20070504,"10:55:31",35.37,100,0,0,"E","P"
"7182","AA",20070504,"10:55:31",35.37,100,0,0,"E","P"
"7183","AA",20070504,"10:55:31",35.37,100,0,0,"E","P"
"7184","AA",20070504,"10:55:31",35.37,100,0,0,"E","P"
"7185","AA",20070504,"10:55:31",35.37,100,0,0,"E","P"
"7186","AA",20070504,"10:55:31",35.37,100,0,0,"E","P"
"7187","AA",20070504,"10:55:31",35.37,400,0,0,"E","P"
"7230","AA",20070504,"10:55:51",35.37,100,0,0,"E","P"
"7240","AA",20070504,"10:55:51",35.37,100,0,0,"E","P"
"7315","AA",20070504,"10:57:59",35.36,100,0,0,"E","P"
"7316","AA",20070504,"10:57:59",35.36,100,0,0,"E","P"
"7351","AA",20070504,"10:59:59",35.34,100,0,0,"E","P"
"7352","AA",20070504,"10:59:59",35.34,100,0,0,"E","P"
"7353","AA",20070504,"10:59:59",35.34,100,0,0,"E","P"
"7354","AA",20070504,"10:59:59",35.34,100,0,0,"E","P"
"7355","AA",20070504,"10:59:59",35.34,100,0,0,"E","P"
"7356","AA",20070504,"10:59:59",35.34,100,0,0,"E","P"
"7357","AA",20070504,"10:59:59",35.34,100,0,0,"E","P"
"7373","AA",20070504,"11:00:23",35.34,100,0,0,"E","P"
"7374","AA",20070504,"11:00:23",35.34,100,0,0,"E","P"
"7375","AA",20070504,"11:00:23",35.34,100,0,0,"E","P"
"7376","AA",20070504,"11:00:23",35.34,100,0,0,"E","P"
"7377","AA",20070504,"11:00:23",35.34,100,0,0,"E","P"
"7378","AA",20070504,"11:00:23",35.34,100,0,0,"E","P"
"7379","AA",20070504,"11:00:23",35.34,100,0,0,"E","P"
"7380","AA",20070504,"11:00:23",35.34,100,0,0,"E","P"
"7388","AA",20070504,"11:00:43",35.34,100,0,0,"E","P"
"7390","AA",20070504,"11:00:43",35.34,100,0,0,"E","P"
"7391","AA",20070504,"11:00:43",35.34,100,0,0,"E","P"
"7392","AA",20070504,"11:00:44",35.34,100,0,0,"E","P"
"7395","AA",20070504,"11:00:51",35.35,100,0,0,"E","P"
"7396","AA",20070504,"11:00:51",35.35,100,0,0,"E","P"
"7397","AA",20070504,"11:00:51",35.35,100,0,0,"E","P"
"7398","AA",20070504,"11:00:53",35.35,200,0,0,"E","P"
"7403","AA",20070504,"11:01:06",35.35,200,0,0,"E","P"
"7406","AA",20070504,"11:01:11",35.36,400,0,0,"E","P"
"7410","AA",20070504,"11:01:12",35.36,100,0,0,"E","P"
"7411","AA",20070504,"11:01:12",35.36,100,0,0,"E","P"
"7451","AA",20070504,"11:01:38",35.33,100,0,0,"E","P"
"7452","AA",20070504,"11:01:38",35.33,100,0,0,"E","P"
"7454","AA",20070504,"11:01:41",35.34,100,0,0,"E","P"
"7455","AA",20070504,"11:01:41",35.34,100,0,0,"E","P"
"7456","AA",20070504,"11:01:41",35.34,100,0,0,"E","P"
"7457","AA",20070504,"11:01:41",35.34,100,0,0,"E","P"
"7458","AA",20070504,"11:01:41",35.34,100,0,0,"E","P"
"7512","AA",20070504,"11:03:08",35.35,100,0,0,"E","P"
"7513","AA",20070504,"11:03:08",35.35,100,0,0,"E","P"
"7514","AA",20070504,"11:03:08",35.35,100,0,0,"E","P"
"7515","AA",20070504,"11:03:08",35.35,100,0,0,"E","P"
"7516","AA",20070504,"11:03:08",35.35,100,0,0,"E","P"
"7517","AA",20070504,"11:03:08",35.35,100,0,0,"E","P"
"7518","AA",20070504,"11:03:08",35.35,100,0,0,"E","P"
"7543","AA",20070504,"11:03:48",35.34,100,0,0,"E","P"
"7544","AA",20070504,"11:03:48",35.34,100,0,0,"E","P"
"7575","AA",20070504,"11:04:48",35.32,100,0,0,"E","P"
"7594","AA",20070504,"11:05:14",35.31,100,0,0,"E","P"
"7595","AA",20070504,"11:05:14",35.31,100,0,0,"E","P"
"7605","AA",20070504,"11:05:30",35.3,100,0,0,"E","P"
"7629","AA",20070504,"11:05:37",35.3,100,0,0,"E","P"
"7650","AA",20070504,"11:05:46",35.28,400,0,0,"E","P"
"7662","AA",20070504,"11:06:03",35.28,100,0,0,"E","P"
"7714","AA",20070504,"11:08:48",35.27,100,0,0,"E","P"
"7716","AA",20070504,"11:08:56",35.27,100,0,0,"E","P"
"7718","AA",20070504,"11:08:58",35.27,100,0,0,"E","P"
"7721","AA",20070504,"11:09:10",35.27,200,0,0,"E","P"
"7730","AA",20070504,"11:09:53",35.27,100,0,0,"E","P"
"7731","AA",20070504,"11:09:53",35.27,100,0,0,"E","P"
"7732","AA",20070504,"11:09:53",35.27,100,0,0,"E","P"
"7733","AA",20070504,"11:09:53",35.27,100,0,0,"E","P"
"7734","AA",20070504,"11:09:53",35.27,100,0,0,"E","P"
"7735","AA",20070504,"11:09:53",35.27,100,0,0,"E","P"
"7736","AA",20070504,"11:09:53",35.27,100,0,0,"E","P"
"7737","AA",20070504,"11:09:53",35.27,200,0,0,"E","P"
"7738","AA",20070504,"11:09:53",35.27,100,0,0,"E","P"
"7739","AA",20070504,"11:09:53",35.27,100,0,0,"E","P"
"7740","AA",20070504,"11:09:53",35.27,100,0,0,"E","P"
"7741","AA",20070504,"11:09:53",35.27,100,0,0,"E","P"
"7742","AA",20070504,"11:09:53",35.27,400,0,0,"E","P"
"7743","AA",20070504,"11:09:53",35.27,200,0,0,"E","P"
"7750","AA",20070504,"11:10:09",35.26,100,0,0,"E","P"
"7755","AA",20070504,"11:10:09",35.25,100,0,0,"F","P"
"7756","AA",20070504,"11:10:09",35.25,100,0,0,"F","P"
"7757","AA",20070504,"11:10:09",35.25,100,0,0,"F","P"
"7765","AA",20070504,"11:10:10",35.26,100,0,0,"E","P"
"7827","AA",20070504,"11:10:52",35.29,100,0,0,"E","P"
"7828","AA",20070504,"11:10:52",35.29,100,0,0,"E","P"
"7829","AA",20070504,"11:10:52",35.29,100,0,0,"E","P"
"7830","AA",20070504,"11:10:52",35.29,200,0,0,"E","P"
"7831","AA",20070504,"11:10:52",35.29,100,0,0,"E","P"
"7832","AA",20070504,"11:10:52",35.29,100,0,0,"E","P"
"7843","AA",20070504,"11:10:55",35.27,100,0,0,"E","P"
"7858","AA",20070504,"11:11:01",35.27,100,0,0,"E","P"
"7859","AA",20070504,"11:11:01",35.27,100,0,0,"E","P"
"7860","AA",20070504,"11:11:01",35.27,100,0,0,"E","P"
"7861","AA",20070504,"11:11:01",35.27,100,0,0,"E","P"
"7862","AA",20070504,"11:11:01",35.27,100,0,0,"E","P"
"7863","AA",20070504,"11:11:01",35.27,100,0,0,"E","P"
"7864","AA",20070504,"11:11:01",35.27,100,0,0,"E","P"
"7865","AA",20070504,"11:11:01",35.27,100,0,0,"E","P"
"7866","AA",20070504,"11:11:01",35.27,100,0,0,"E","P"
"7867","AA",20070504,"11:11:01",35.27,200,0,0,"E","P"
"7868","AA",20070504,"11:11:01",35.27,100,0,0,"E","P"
"7869","AA",20070504,"11:11:01",35.27,100,0,0,"E","P"
"7901","AA",20070504,"11:11:17",35.27,100,0,0,"E","P"
"7933","AA",20070504,"11:11:44",35.25,100,0,0,"E","P"
"7937","AA",20070504,"11:12:07",35.25,100,0,0,"E","P"
"7940","AA",20070504,"11:12:09",35.25,100,0,0,"E","P"
"7946","AA",20070504,"11:12:11",35.25,100,0,0,"E","P"
"7947","AA",20070504,"11:12:13",35.25,100,0,0,"E","P"
"7948","AA",20070504,"11:12:13",35.25,100,0,0,"E","P"
"7957","AA",20070504,"11:12:18",35.24,100,0,0,"E","P"
"7960","AA",20070504,"11:12:18",35.24,100,0,0,"E","P"
"7975","AA",20070504,"11:12:37",35.25,100,0,0,"E","P"
"8022","AA",20070504,"11:13:21",35.24,100,0,0,"E","P"
"8023","AA",20070504,"11:13:21",35.24,100,0,0,"E","P"
"8024","AA",20070504,"11:13:21",35.24,100,0,0,"E","P"
"8049","AA",20070504,"11:13:43",35.25,100,0,0,"E","P"
"8050","AA",20070504,"11:13:43",35.25,100,0,0,"E","P"
"8051","AA",20070504,"11:13:43",35.25,100,0,0,"E","P"
"8052","AA",20070504,"11:13:43",35.25,100,0,0,"E","P"
"8070","AA",20070504,"11:14:17",35.25,100,0,0,"E","P"
"8071","AA",20070504,"11:14:17",35.25,100,0,0,"E","P"
"8072","AA",20070504,"11:14:17",35.25,100,0,0,"E","P"
"8073","AA",20070504,"11:14:17",35.25,100,0,0,"E","P"
"8074","AA",20070504,"11:14:17",35.25,100,0,0,"E","P"
"8099","AA",20070504,"11:14:28",35.24,100,0,0,"E","P"
"8106","AA",20070504,"11:14:39",35.25,100,0,0,"E","P"
"8107","AA",20070504,"11:14:39",35.25,200,0,0,"E","P"
"8108","AA",20070504,"11:14:39",35.25,100,0,0,"E","P"
"8115","AA",20070504,"11:14:41",35.25,100,0,0,"E","P"
"8116","AA",20070504,"11:14:42",35.25,100,0,0,"E","P"
"8136","AA",20070504,"11:14:57",35.26,100,0,0,"E","P"
"8137","AA",20070504,"11:14:57",35.26,100,0,0,"E","P"
"8157","AA",20070504,"11:15:09",35.27,100,0,0,"E","P"
"8171","AA",20070504,"11:15:14",35.27,200,0,0,"E","P"
"8172","AA",20070504,"11:15:14",35.27,100,0,0,"E","P"
"8173","AA",20070504,"11:15:14",35.27,100,0,0,"E","P"
"8174","AA",20070504,"11:15:14",35.27,100,0,0,"E","P"
"8175","AA",20070504,"11:15:14",35.27,100,0,0,"E","P"
"8176","AA",20070504,"11:15:14",35.27,100,0,0,"E","P"
"8209","AA",20070504,"11:15:43",35.28,100,0,0,"E","P"
"8210","AA",20070504,"11:15:43",35.28,100,0,0,"E","P"
"8229","AA",20070504,"11:15:59",35.28,100,0,0,"E","P"
"8230","AA",20070504,"11:15:59",35.28,100,0,0,"E","P"
"8231","AA",20070504,"11:15:59",35.28,100,0,0,"E","P"
"8232","AA",20070504,"11:15:59",35.28,100,0,0,"E","P"
"8233","AA",20070504,"11:15:59",35.28,200,0,0,"E","P"
"8270","AA",20070504,"11:16:13",35.31,100,0,0,"E","P"
"8271","AA",20070504,"11:16:13",35.31,100,0,0,"E","P"
"8294","AA",20070504,"11:16:14",35.32,200,0,0,"E","P"
"8295","AA",20070504,"11:16:14",35.32,100,0,0,"E","P"
"8296","AA",20070504,"11:16:14",35.32,100,0,0,"E","P"
"8297","AA",20070504,"11:16:14",35.32,200,0,0,"E","P"
"8307","AA",20070504,"11:16:22",35.33,100,0,0,"E","P"
"8329","AA",20070504,"11:16:39",35.33,100,0,0,"E","P"
"8333","AA",20070504,"11:16:39",35.33,100,0,0,"E","P"
"8334","AA",20070504,"11:16:39",35.33,100,0,0,"E","P"
"8335","AA",20070504,"11:16:39",35.33,100,0,0,"E","P"
"8336","AA",20070504,"11:16:40",35.33,100,0,0,"E","P"
"8337","AA",20070504,"11:16:40",35.33,100,0,0,"E","P"
"8338","AA",20070504,"11:16:40",35.33,200,0,0,"E","P"
"8339","AA",20070504,"11:16:40",35.33,100,0,0,"E","P"
"8340","AA",20070504,"11:16:40",35.33,100,0,0,"E","P"
"8341","AA",20070504,"11:16:40",35.33,100,0,0,"E","P"
"8342","AA",20070504,"11:16:40",35.33,100,0,0,"E","P"
"8362","AA",20070504,"11:17:01",35.35,100,0,0,"E","P"
"8363","AA",20070504,"11:17:01",35.35,100,0,0,"E","P"
"8364","AA",20070504,"11:17:01",35.35,100,0,0,"E","P"
"8365","AA",20070504,"11:17:01",35.35,100,0,0,"E","P"
"8366","AA",20070504,"11:17:01",35.35,100,0,0,"E","P"
"8377","AA",20070504,"11:17:34",35.35,200,0,0,"E","P"
"8378","AA",20070504,"11:17:34",35.35,100,0,0,"E","P"
"8379","AA",20070504,"11:17:34",35.35,100,0,0,"E","P"
"8380","AA",20070504,"11:17:34",35.35,100,0,0,"E","P"
"8381","AA",20070504,"11:17:34",35.35,100,0,0,"E","P"
"8383","AA",20070504,"11:17:34",35.35,400,0,0,"E","P"
"8384","AA",20070504,"11:17:34",35.35,100,0,0,"E","P"
"8392","AA",20070504,"11:17:51",35.37,100,0,0,"E","P"
"8398","AA",20070504,"11:18:13",35.37,300,0,0,"E","P"
"8413","AA",20070504,"11:18:15",35.36,100,0,0,"E","P"
"8414","AA",20070504,"11:18:15",35.36,100,0,0,"E","P"
"8415","AA",20070504,"11:18:15",35.36,100,0,0,"E","P"
"8416","AA",20070504,"11:18:15",35.35,100,0,0,"E","P"
"8417","AA",20070504,"11:18:15",35.35,100,0,0,"E","P"
"8436","AA",20070504,"11:18:37",35.34,100,0,0,"E","P"
"8458","AA",20070504,"11:19:00",35.35,100,0,0,"E","P"
"8463","AA",20070504,"11:19:13",35.34,100,0,0,"E","P"
"8464","AA",20070504,"11:19:13",35.34,100,0,0,"E","P"
"8476","AA",20070504,"11:19:17",35.34,100,0,0,"E","P"
"8480","AA",20070504,"11:19:27",35.33,100,0,0,"E","P"
"8481","AA",20070504,"11:19:27",35.33,100,0,0,"E","P"
"8482","AA",20070504,"11:19:27",35.33,100,0,0,"E","P"
"8483","AA",20070504,"11:19:27",35.33,100,0,0,"E","P"
"8484","AA",20070504,"11:19:27",35.33,100,0,0,"E","P"
"8485","AA",20070504,"11:19:27",35.33,100,0,0,"E","P"
"8486","AA",20070504,"11:19:27",35.33,100,0,0,"E","P"
"8487","AA",20070504,"11:19:27",35.33,100,0,0,"E","P"
"8509","AA",20070504,"11:19:57",35.31,100,0,0,"E","P"
"8517","AA",20070504,"11:20:04",35.31,100,0,0,"E","P"
"8527","AA",20070504,"11:20:05",35.32,100,0,0,"F","P"
"8528","AA",20070504,"11:20:05",35.32,100,0,0,"F","P"
"8530","AA",20070504,"11:20:05",35.34,100,0,0,"F","P"
"8531","AA",20070504,"11:20:05",35.34,100,0,0,"F","P"
"8532","AA",20070504,"11:20:05",35.34,100,0,0,"E","P"
"8533","AA",20070504,"11:20:05",35.34,100,0,0,"E","P"
"8583","AA",20070504,"11:20:11",35.35,100,0,0,"E","P"
"8584","AA",20070504,"11:20:11",35.35,100,0,0,"E","P"
"8585","AA",20070504,"11:20:11",35.35,100,0,0,"E","P"
"8586","AA",20070504,"11:20:11",35.35,100,0,0,"E","P"
"8596","AA",20070504,"11:20:15",35.34,100,0,0,"E","P"
"8597","AA",20070504,"11:20:15",35.34,100,0,0,"E","P"
"8609","AA",20070504,"11:20:17",35.33,100,0,0,"E","P"
"8620","AA",20070504,"11:20:17",35.32,100,0,0,"E","P"
"8621","AA",20070504,"11:20:18",35.32,100,0,0,"E","P"
"8622","AA",20070504,"11:20:18",35.32,100,0,0,"E","P"
"8629","AA",20070504,"11:20:18",35.32,100,0,0,"E","P"
"8630","AA",20070504,"11:20:18",35.33,100,0,0,"E","P"
"8631","AA",20070504,"11:20:18",35.33,100,0,0,"E","P"
"8632","AA",20070504,"11:20:18",35.33,100,0,0,"E","P"
"8637","AA",20070504,"11:20:20",35.32,100,0,0,"E","P"
"8638","AA",20070504,"11:20:20",35.32,100,0,0,"E","P"
"8639","AA",20070504,"11:20:20",35.32,100,0,0,"E","P"
"8647","AA",20070504,"11:20:21",35.31,100,0,0,"E","P"
"8654","AA",20070504,"11:20:23",35.32,100,0,0,"E","P"
"8655","AA",20070504,"11:20:23",35.32,100,0,0,"E","P"
"8656","AA",20070504,"11:20:23",35.32,100,0,0,"E","P"
"8669","AA",20070504,"11:20:32",35.33,100,0,0,"E","P"
"8675","AA",20070504,"11:20:39",35.34,100,0,0,"E","P"
"8676","AA",20070504,"11:20:39",35.34,100,0,0,"E","P"
"8677","AA",20070504,"11:20:39",35.34,100,0,0,"E","P"
"8684","AA",20070504,"11:20:40",35.34,100,0,0,"E","P"
"8685","AA",20070504,"11:20:40",35.34,100,0,0,"E","P"
"8686","AA",20070504,"11:20:40",35.34,100,0,0,"E","P"
"8688","AA",20070504,"11:20:41",35.34,100,0,0,"E","P"
"8690","AA",20070504,"11:20:41",35.34,100,0,0,"E","P"
"8692","AA",20070504,"11:20:41",35.34,100,0,0,"E","P"
"8702","AA",20070504,"11:20:50",35.34,100,0,0,"E","P"
"8703","AA",20070504,"11:20:50",35.34,100,0,0,"E","P"
"8709","AA",20070504,"11:20:50",35.34,100,0,0,"E","P"
"8710","AA",20070504,"11:20:50",35.34,100,0,0,"E","P"
"8711","AA",20070504,"11:20:50",35.34,100,0,0,"E","P"
"8712","AA",20070504,"11:20:51",35.34,100,0,0,"E","P"
"8713","AA",20070504,"11:20:51",35.34,100,0,0,"E","P"
"8726","AA",20070504,"11:20:52",35.35,100,0,0,"E","P"
"8728","AA",20070504,"11:20:52",35.34,100,0,0,"E","P"
"8729","AA",20070504,"11:20:52",35.34,100,0,0,"E","P"
"8730","AA",20070504,"11:20:52",35.34,100,0,0,"E","P"
"8731","AA",20070504,"11:20:52",35.34,100,0,0,"E","P"
"8732","AA",20070504,"11:20:52",35.34,100,0,0,"E","P"
"8733","AA",20070504,"11:20:52",35.34,100,0,0,"E","P"
"8734","AA",20070504,"11:20:52",35.34,200,0,0,"E","P"
"8742","AA",20070504,"11:20:52",35.35,100,0,0,"E","P"
"8744","AA",20070504,"11:20:56",35.35,100,0,0,"E","P"
"8752","AA",20070504,"11:21:02",35.35,200,0,0,"E","P"
"8753","AA",20070504,"11:21:02",35.35,100,0,0,"E","P"
"8754","AA",20070504,"11:21:02",35.35,100,0,0,"E","P"
"8761","AA",20070504,"11:21:03",35.35,100,0,0,"E","P"
"8763","AA",20070504,"11:21:04",35.35,100,0,0,"E","P"
"8767","AA",20070504,"11:21:05",35.35,100,0,0,"E","P"
"8768","AA",20070504,"11:21:05",35.35,100,0,0,"E","P"
"8773","AA",20070504,"11:21:13",35.36,100,0,0,"E","P"
"8776","AA",20070504,"11:21:22",35.36,100,0,0,"E","P"
"8805","AA",20070504,"11:21:22",35.37,100,0,0,"E","P"
"8806","AA",20070504,"11:21:22",35.37,200,0,0,"E","P"
"8807","AA",20070504,"11:21:22",35.37,100,0,0,"E","P"
"8808","AA",20070504,"11:21:22",35.38,100,0,0,"E","P"
"8809","AA",20070504,"11:21:22",35.38,100,0,0,"E","P"
"8819","AA",20070504,"11:21:22",35.39,100,0,0,"E","P"
"8820","AA",20070504,"11:21:22",35.39,100,0,0,"E","P"
"8821","AA",20070504,"11:21:22",35.39,100,0,0,"E","P"
"8822","AA",20070504,"11:21:22",35.39,100,0,0,"E","P"
"8823","AA",20070504,"11:21:22",35.39,100,0,0,"E","P"
"8834","AA",20070504,"11:21:22",35.39,200,0,0,"E","P"
"8835","AA",20070504,"11:21:22",35.39,100,0,0,"E","P"
"8836","AA",20070504,"11:21:22",35.39,100,0,0,"E","P"
"8837","AA",20070504,"11:21:22",35.39,100,0,0,"E","P"
"8838","AA",20070504,"11:21:23",35.39,100,0,0,"E","P"
"8857","AA",20070504,"11:21:23",35.39,100,0,0,"E","P"
"8863","AA",20070504,"11:21:23",35.38,100,0,0,"E","P"
"8864","AA",20070504,"11:21:23",35.38,100,0,0,"E","P"
"8865","AA",20070504,"11:21:23",35.38,100,0,0,"E","P"
"8872","AA",20070504,"11:21:23",35.39,100,0,0,"E","P"
"8879","AA",20070504,"11:21:23",35.38,100,0,0,"E","P"
"8884","AA",20070504,"11:21:25",35.38,100,0,0,"E","P"
"8885","AA",20070504,"11:21:25",35.38,100,0,0,"E","P"
"8886","AA",20070504,"11:21:25",35.38,100,0,0,"E","P"
"8892","AA",20070504,"11:21:34",35.38,100,0,0,"E","P"
"8900","AA",20070504,"11:21:49",35.39,100,0,0,"E","P"
"8911","AA",20070504,"11:21:51",35.38,100,0,0,"E","P"
"8912","AA",20070504,"11:21:51",35.38,100,0,0,"E","P"
"8919","AA",20070504,"11:21:52",35.4,100,0,0,"E","P"
"8929","AA",20070504,"11:21:53",35.42,100,0,0,"E","P"
"8942","AA",20070504,"11:22:01",35.42,100,0,0,"E","P"
"8943","AA",20070504,"11:22:02",35.42,100,0,0,"E","P"
"8958","AA",20070504,"11:22:08",35.43,100,0,0,"E","P"
"8959","AA",20070504,"11:22:08",35.43,100,0,0,"E","P"
"8960","AA",20070504,"11:22:08",35.43,100,0,0,"E","P"
"8961","AA",20070504,"11:22:08",35.43,100,0,0,"E","P"
"8962","AA",20070504,"11:22:08",35.43,200,0,0,"E","P"
"8963","AA",20070504,"11:22:08",35.43,500,0,0,"E","P"
"8966","AA",20070504,"11:22:09",35.42,100,0,0,"E","P"
"8971","AA",20070504,"11:22:09",35.43,100,0,0,"E","P"
"8980","AA",20070504,"11:22:10",35.43,1700,0,0,"E","P"
"8991","AA",20070504,"11:22:10",35.42,100,0,0,"E","P"
"8992","AA",20070504,"11:22:10",35.42,100,0,0,"E","P"
"8993","AA",20070504,"11:22:10",35.42,100,0,0,"E","P"
"8994","AA",20070504,"11:22:10",35.42,200,0,0,"E","P"
"8995","AA",20070504,"11:22:10",35.42,100,0,0,"E","P"
"8996","AA",20070504,"11:22:10",35.41,100,0,0,"F","P"
"8997","AA",20070504,"11:22:10",35.41,100,0,0,"F","P"
"8998","AA",20070504,"11:22:10",35.41,100,0,0,"F","P"
"8999","AA",20070504,"11:22:10",35.41,100,0,0,"F","P"
"9000","AA",20070504,"11:22:10",35.41,100,0,0,"F","P"
"9001","AA",20070504,"11:22:10",35.41,100,0,0,"F","P"
"9004","AA",20070504,"11:22:11",35.4,200,0,0,"F","P"
"9005","AA",20070504,"11:22:11",35.4,100,0,0,"F","P"
"9006","AA",20070504,"11:22:11",35.4,100,0,0,"F","P"
"9007","AA",20070504,"11:22:11",35.4,100,0,0,"F","P"
"9017","AA",20070504,"11:22:11",35.4,100,0,0,"F","P"
"9039","AA",20070504,"11:22:14",35.4,100,0,0,"F","P"
"9041","AA",20070504,"11:22:15",35.4,100,0,0,"F","P"
"9042","AA",20070504,"11:22:15",35.4,100,0,0,"F","P"
"9048","AA",20070504,"11:22:15",35.4,100,0,0,"E","P"
"9049","AA",20070504,"11:22:15",35.4,100,0,0,"E","P"
"9050","AA",20070504,"11:22:15",35.4,100,0,0,"E","P"
"9051","AA",20070504,"11:22:15",35.4,100,0,0,"E","P"
"9052","AA",20070504,"11:22:15",35.4,100,0,0,"E","P"
"9068","AA",20070504,"11:22:22",35.41,100,0,0,"E","P"
"9076","AA",20070504,"11:22:35",35.4,100,0,0,"F","P"
"9077","AA",20070504,"11:22:35",35.4,100,0,0,"F","P"
"9078","AA",20070504,"11:22:35",35.4,100,0,0,"F","P"
"9079","AA",20070504,"11:22:35",35.4,100,0,0,"F","P"
"9080","AA",20070504,"11:22:35",35.4,100,0,0,"F","P"
"9081","AA",20070504,"11:22:35",35.4,100,0,0,"F","P"
"9084","AA",20070504,"11:22:35",35.4,100,0,0,"F","P"
"9085","AA",20070504,"11:22:35",35.4,100,0,0,"F","P"
"9086","AA",20070504,"11:22:35",35.4,100,0,0,"F","P"
"9092","AA",20070504,"11:22:36",35.4,100,0,0,"F","P"
"9093","AA",20070504,"11:22:36",35.4,100,0,0,"F","P"
"9094","AA",20070504,"11:22:36",35.4,100,0,0,"F","P"
"9095","AA",20070504,"11:22:36",35.4,100,0,0,"F","P"
"9101","AA",20070504,"11:22:37",35.4,100,0,0,"F","P"
"9121","AA",20070504,"11:22:42",35.41,100,0,0,"E","P"
"9122","AA",20070504,"11:22:42",35.41,100,0,0,"E","P"
"9123","AA",20070504,"11:22:42",35.41,100,0,0,"E","P"
"9124","AA",20070504,"11:22:42",35.41,100,0,0,"E","P"
"9125","AA",20070504,"11:22:42",35.41,100,0,0,"E","P"
"9126","AA",20070504,"11:22:42",35.41,100,0,0,"E","P"
"9127","AA",20070504,"11:22:42",35.41,200,0,0,"E","P"
"9140","AA",20070504,"11:22:43",35.4,100,0,0,"E","P"
"9141","AA",20070504,"11:22:43",35.4,100,0,0,"E","P"
"9142","AA",20070504,"11:22:43",35.4,100,0,0,"E","P"
"9144","AA",20070504,"11:22:43",35.41,100,0,0,"E","P"
"9145","AA",20070504,"11:22:43",35.41,100,0,0,"E","P"
"9146","AA",20070504,"11:22:43",35.41,100,0,0,"E","P"
"9147","AA",20070504,"11:22:43",35.41,100,0,0,"E","P"
"9152","AA",20070504,"11:22:43",35.4,100,0,0,"E","P"
"9154","AA",20070504,"11:22:43",35.41,100,0,0,"E","P"
"9155","AA",20070504,"11:22:43",35.41,100,0,0,"E","P"
"9164","AA",20070504,"11:22:44",35.41,100,0,0,"E","P"
"9165","AA",20070504,"11:22:44",35.41,100,0,0,"E","P"
"9166","AA",20070504,"11:22:44",35.41,100,0,0,"E","P"
"9167","AA",20070504,"11:22:44",35.41,100,0,0,"E","P"
"9169","AA",20070504,"11:22:44",35.4,100,0,0,"E","P"
"9170","AA",20070504,"11:22:44",35.4,100,0,0,"E","P"
"9171","AA",20070504,"11:22:44",35.4,100,0,0,"E","P"
"9172","AA",20070504,"11:22:44",35.41,100,0,0,"E","P"
"9173","AA",20070504,"11:22:44",35.41,100,0,0,"E","P"
"9185","AA",20070504,"11:22:47",35.41,100,0,0,"E","P"
"9186","AA",20070504,"11:22:47",35.41,100,0,0,"E","P"
"9187","AA",20070504,"11:22:47",35.41,700,0,0,"E","P"
"9191","AA",20070504,"11:22:53",35.42,100,0,0,"E","P"
"9192","AA",20070504,"11:22:53",35.42,100,0,0,"E","P"
"9194","AA",20070504,"11:23:03",35.43,100,0,0,"E","P"
"9200","AA",20070504,"11:23:16",35.43,100,0,0,"E","P"
"9201","AA",20070504,"11:23:16",35.43,100,0,0,"E","P"
"9202","AA",20070504,"11:23:16",35.43,100,0,0,"E","P"
"9203","AA",20070504,"11:23:16",35.43,100,0,0,"E","P"
"9204","AA",20070504,"11:23:16",35.43,100,0,0,"E","P"
"9205","AA",20070504,"11:23:16",35.43,100,0,0,"E","P"
"9221","AA",20070504,"11:23:21",35.43,100,0,0,"E","P"
"9222","AA",20070504,"11:23:21",35.43,100,0,0,"E","P"
"9223","AA",20070504,"11:23:22",35.43,100,0,0,"E","P"
"9224","AA",20070504,"11:23:22",35.43,100,0,0,"E","P"
"9225","AA",20070504,"11:23:22",35.43,100,0,0,"E","P"
"9234","AA",20070504,"11:23:23",35.42,100,0,0,"E","P"
"9235","AA",20070504,"11:23:23",35.42,100,0,0,"E","P"
"9236","AA",20070504,"11:23:23",35.42,100,0,0,"E","P"
"9237","AA",20070504,"11:23:23",35.42,100,0,0,"E","P"
"9240","AA",20070504,"11:23:24",35.41,100,0,0,"E","P"
"9244","AA",20070504,"11:23:34",35.42,100,0,0,"E","P"
"9245","AA",20070504,"11:23:34",35.42,200,0,0,"E","P"
"9246","AA",20070504,"11:23:34",35.42,100,0,0,"E","P"
"9254","AA",20070504,"11:23:43",35.43,100,0,0,"E","P"
"9270","AA",20070504,"11:23:46",35.43,100,0,0,"E","P"
"9271","AA",20070504,"11:23:46",35.43,100,0,0,"E","P"
"9272","AA",20070504,"11:23:46",35.43,100,0,0,"E","P"
"9273","AA",20070504,"11:23:47",35.43,100,0,0,"E","P"
"9274","AA",20070504,"11:23:47",35.43,100,0,0,"E","P"
"9285","AA",20070504,"11:23:47",35.42,100,0,0,"E","P"
"9286","AA",20070504,"11:23:47",35.42,100,0,0,"E","P"
"9287","AA",20070504,"11:23:47",35.42,100,0,0,"E","P"
"9288","AA",20070504,"11:23:47",35.42,100,0,0,"E","P"
"9289","AA",20070504,"11:23:47",35.43,100,0,0,"E","P"
"9291","AA",20070504,"11:23:52",35.42,200,0,0,"E","P"
"9293","AA",20070504,"11:23:52",35.42,200,0,0,"E","P"
"9294","AA",20070504,"11:23:52",35.42,100,0,0,"E","P"
"9295","AA",20070504,"11:23:52",35.42,100,0,0,"E","P"
"9296","AA",20070504,"11:23:52",35.42,200,0,0,"E","P"
"9302","AA",20070504,"11:23:52",35.42,100,0,0,"E","P"
"9303","AA",20070504,"11:23:52",35.42,100,0,0,"E","P"
"9304","AA",20070504,"11:23:52",35.42,200,0,0,"E","P"
"9305","AA",20070504,"11:23:52",35.42,100,0,0,"E","P"
"9308","AA",20070504,"11:23:52",35.42,100,0,0,"E","P"
"9309","AA",20070504,"11:23:52",35.42,200,0,0,"E","P"
"9310","AA",20070504,"11:23:52",35.42,100,0,0,"E","P"
"9311","AA",20070504,"11:23:52",35.42,200,0,0,"E","P"
"9312","AA",20070504,"11:23:53",35.42,1000,0,0,"E","P"
"9319","AA",20070504,"11:23:54",35.42,100,0,0,"E","P"
"9320","AA",20070504,"11:23:54",35.42,100,0,0,"E","P"
"9322","AA",20070504,"11:23:54",35.42,200,0,0,"E","P"
"9331","AA",20070504,"11:24:00",35.43,100,0,0,"E","P"
"9338","AA",20070504,"11:24:04",35.43,100,0,0,"E","P"
"9341","AA",20070504,"11:24:06",35.43,200,0,0,"E","P"
"9342","AA",20070504,"11:24:06",35.43,300,0,0,"E","P"
"9362","AA",20070504,"11:24:17",35.43,100,0,0,"E","P"
"9363","AA",20070504,"11:24:17",35.43,100,0,0,"E","P"
"9370","AA",20070504,"11:24:33",35.43,100,0,0,"E","P"
"9371","AA",20070504,"11:24:33",35.43,100,0,0,"E","P"
"9372","AA",20070504,"11:24:33",35.43,100,0,0,"E","P"
"9373","AA",20070504,"11:24:33",35.43,100,0,0,"E","P"
"9384","AA",20070504,"11:24:35",35.42,100,0,0,"E","P"
"9389","AA",20070504,"11:25:00",35.42,100,0,0,"E","P"
"9390","AA",20070504,"11:25:00",35.42,100,0,0,"E","P"
"9391","AA",20070504,"11:25:00",35.42,100,0,0,"E","P"
"9392","AA",20070504,"11:25:00",35.42,100,0,0,"E","P"
"9395","AA",20070504,"11:25:03",35.41,100,0,0,"E","P"
"9397","AA",20070504,"11:25:03",35.41,900,0,0,"E","P"
"9403","AA",20070504,"11:25:06",35.41,100,0,0,"E","P"
"9406","AA",20070504,"11:25:12",35.41,200,0,0,"E","P"
"9407","AA",20070504,"11:25:13",35.41,700,0,0,"E","P"
"9408","AA",20070504,"11:25:14",35.41,1000,0,0,"E","P"
"9409","AA",20070504,"11:25:14",35.41,800,0,0,"E","P"
"9412","AA",20070504,"11:25:22",35.41,100,0,0,"E","P"
"9413","AA",20070504,"11:25:22",35.41,300,0,0,"E","P"
"9414","AA",20070504,"11:25:22",35.41,200,0,0,"E","P"
"9415","AA",20070504,"11:25:22",35.41,400,0,0,"E","P"
"9416","AA",20070504,"11:25:22",35.42,100,0,0,"E","P"
"9417","AA",20070504,"11:25:22",35.42,100,0,0,"E","P"
"9418","AA",20070504,"11:25:22",35.42,100,0,0,"E","P"
"9419","AA",20070504,"11:25:22",35.42,100,0,0,"E","P"
"9420","AA",20070504,"11:25:22",35.42,100,0,0,"E","P"
"9421","AA",20070504,"11:25:22",35.42,200,0,0,"E","P"
"9422","AA",20070504,"11:25:22",35.42,100,0,0,"E","P"
"9423","AA",20070504,"11:25:22",35.42,100,0,0,"E","P"
"9424","AA",20070504,"11:25:22",35.42,100,0,0,"E","P"
"9425","AA",20070504,"11:25:22",35.41,400,0,0,"E","P"
"9426","AA",20070504,"11:25:23",35.41,700,0,0,"E","P"
"9427","AA",20070504,"11:25:23",35.41,700,0,0,"E","P"
"9429","AA",20070504,"11:25:23",35.41,100,0,0,"E","P"
"9430","AA",20070504,"11:25:23",35.41,100,0,0,"E","P"
"9431","AA",20070504,"11:25:23",35.41,400,0,0,"E","P"
"9432","AA",20070504,"11:25:23",35.41,100,0,0,"E","P"
"9433","AA",20070504,"11:25:23",35.41,100,0,0,"E","P"
"9434","AA",20070504,"11:25:23",35.41,100,0,0,"E","P"
"9435","AA",20070504,"11:25:23",35.41,100,0,0,"E","P"
"9437","AA",20070504,"11:25:23",35.41,500,0,0,"E","P"
"9438","AA",20070504,"11:25:23",35.41,100,0,0,"E","P"
"9439","AA",20070504,"11:25:23",35.41,100,0,0,"E","P"
"9440","AA",20070504,"11:25:23",35.41,600,0,0,"E","P"
"9441","AA",20070504,"11:25:23",35.41,100,0,0,"E","P"
"9442","AA",20070504,"11:25:23",35.41,200,0,0,"E","P"
"9448","AA",20070504,"11:25:29",35.4,100,0,0,"E","P"
"9459","AA",20070504,"11:25:31",35.39,100,0,0,"E","P"
"9460","AA",20070504,"11:25:31",35.39,100,0,0,"E","P"
"9461","AA",20070504,"11:25:31",35.39,100,0,0,"E","P"
"9466","AA",20070504,"11:25:37",35.39,100,0,0,"E","P"
"9467","AA",20070504,"11:25:37",35.39,100,0,0,"E","P"
"9468","AA",20070504,"11:25:37",35.39,100,0,0,"E","P"
"9469","AA",20070504,"11:25:37",35.39,100,0,0,"E","P"
"9470","AA",20070504,"11:25:37",35.39,100,0,0,"E","P"
"9475","AA",20070504,"11:25:41",35.4,400,0,0,"E","P"
"9485","AA",20070504,"11:25:47",35.4,100,0,0,"E","P"
"9492","AA",20070504,"11:25:48",35.4,500,0,0,"E","P"
"9495","AA",20070504,"11:25:53",35.39,100,0,0,"E","P"
"9504","AA",20070504,"11:26:21",35.38,100,0,0,"E","P"
"9512","AA",20070504,"11:26:25",35.36,800,0,0,"E","P"
"9560","AA",20070504,"11:26:30",35.35,100,0,0,"E","P"
"9561","AA",20070504,"11:26:30",35.35,100,0,0,"E","P"
"9570","AA",20070504,"11:26:38",35.36,100,0,0,"E","P"
"9571","AA",20070504,"11:26:39",35.36,100,0,0,"E","P"
"9608","AA",20070504,"11:27:20",35.33,100,0,0,"E","P"
"9609","AA",20070504,"11:27:20",35.33,100,0,0,"E","P"
"9610","AA",20070504,"11:27:20",35.33,100,0,0,"E","P"
"9654","AA",20070504,"11:28:18",35.38,100,0,0,"E","P"
"9655","AA",20070504,"11:28:18",35.38,100,0,0,"E","P"
"9675","AA",20070504,"11:29:33",35.36,100,0,0,"E","P"
