SYMBOL,DATE,TIME,PRICE,SIZE,G127,CORR,COND,EX
AA,20070504,8:52:20,35.06,150000,0,0,T,D
AA,20070504,9:30:12,35.07,62000,0,0,@,N
AA,20070504,9:30:12,35.15,500,0,0,E,N
AA,20070504,9:30:12,35.15,1100,0,0,E,N
AA,20070504,9:30:12,35.07,300,0,0,@,D
AA,20070504,9:30:12,35.07,300,0,0,@,D
AA,20070504,9:30:12,35.07,1000,0,0,@,D
AA,20070504,9:30:13,35.07,200,0,0,@,D
AA,20070504,9:30:13,35.1,100,0,0,E,P
AA,20070504,9:30:13,35.14,100,0,0,E,N
AA,20070504,9:30:13,35.15,400,0,0,E,N
AA,20070504,9:30:13,35.1,100,0,0,E,N
AA,20070504,9:30:14,35.07,100,0,0,E,P
AA,20070504,9:30:14,35.06,300,0,0,E,N
AA,20070504,9:30:14,35.06,100,0,0,E,N
AA,20070504,9:30:15,35.07,100,0,0,E,P
AA,20070504,9:30:15,35.08,100,0,0,E,N
AA,20070504,9:30:15,35.09,300,0,0,E,N
AA,20070504,9:30:15,35.1,100,0,0,E,N
AA,20070504,9:30:16,35.1,100,0,0,E,N
AA,20070504,9:30:16,35.1,200,0,0,E,N
AA,20070504,9:30:16,35.1,200,0,0,E,N
AA,20070504,9:30:16,35.09,100,0,0,E,N
AA,20070504,9:30:16,35.17,100,0,0,@,T
AA,20070504,9:30:16,35.18,100,0,0,@,T
AA,20070504,9:30:16,35.17,100,0,0,@,T
AA,20070504,9:30:16,35.17,100,0,0,@,T
AA,20070504,9:30:16,35.09,200,0,0,E,N
AA,20070504,9:30:16,35.09,100,0,0,E,N
AA,20070504,9:30:17,35.09,300,0,0,E,N
AA,20070504,9:30:17,35.09,100,0,0,E,N
AA,20070504,9:30:17,35.09,100,0,0,E,N
AA,20070504,9:30:17,35.09,200,0,0,E,N
AA,20070504,9:30:17,35.09,100,0,0,E,N
AA,20070504,9:30:17,35.09,100,0,0,E,N
AA,20070504,9:30:17,35.08,100,0,0,E,P
AA,20070504,9:30:17,35.09,100,0,0,E,N
AA,20070504,9:30:18,35.08,100,0,0,F,N
AA,20070504,9:30:19,35.12,300,0,0,E,N
AA,20070504,9:30:19,35.12,100,0,0,@,T
AA,20070504,9:30:19,35.12,100,0,0,E,N
AA,20070504,9:30:20,35.13,200,0,0,E,N
AA,20070504,9:30:21,35.13,100,0,0,@,N
AA,20070504,9:30:22,35.14,300,0,0,E,N
AA,20070504,9:30:22,35.14,100,0,0,E,P
AA,20070504,9:30:22,35.14,100,0,0,E,P
AA,20070504,9:30:22,35.14,100,0,0,E,P
AA,20070504,9:30:23,35.14,100,0,0,E,P
AA,20070504,9:30:23,35.15,100,0,0,@,T
AA,20070504,9:30:23,35.15,100,0,0,@,T
AA,20070504,9:30:23,35.15,100,0,0,@,C
AA,20070504,9:30:23,35.13,100,0,0,@,D
AA,20070504,9:30:23,35.14,100,0,0,F,N
AA,20070504,9:30:23,35.145,200,0,0,@,D
AA,20070504,9:30:23,35.13,100,0,0,E,N
AA,20070504,9:30:23,35.12,100,0,0,E,N
AA,20070504,9:30:24,35.1,100,0,0,E,N
AA,20070504,9:30:24,35.09,200,0,0,E,N
AA,20070504,9:30:24,35.09,100,0,0,@,T
AA,20070504,9:30:24,35.12,100,0,0,@,T
AA,20070504,9:30:24,35.12,100,0,0,@,T
AA,20070504,9:30:24,35.09,100,0,0,E,N
AA,20070504,9:30:24,35.09,200,0,0,E,N
AA,20070504,9:30:24,35.08,100,0,0,@,D
AA,20070504,9:30:24,35.08,100,0,0,@,T
AA,20070504,9:30:24,35.08,100,0,0,E,N
AA,20070504,9:30:25,35.08,100,0,0,E,N
AA,20070504,9:30:25,35.07,900,0,0,E,N
AA,20070504,9:30:26,35.08,400,0,0,E,N
AA,20070504,9:30:26,35.08,200,0,0,@,D
AA,20070504,9:30:27,35.085,300,0,0,@,D
AA,20070504,9:30:27,35.08,100,0,0,@,D
AA,20070504,9:30:32,35.07,600,0,0,E,N
AA,20070504,9:30:34,35.09,200,0,0,E,N
AA,20070504,9:30:34,35.09,100,0,0,@,T
AA,20070504,9:30:34,35.09,100,0,0,@,T
AA,20070504,9:30:34,35.09,100,0,0,E,P
AA,20070504,9:30:34,35.09,100,0,0,@,C
AA,20070504,9:30:34,35.09,100,0,0,@,C
AA,20070504,9:30:34,35.09,100,0,0,E,N
AA,20070504,9:30:34,35.09,100,0,0,E,N
AA,20070504,9:30:34,35.09,100,0,0,@,T
AA,20070504,9:30:34,35.09,100,0,0,@,T
AA,20070504,9:30:34,35.09,100,0,0,@,D
AA,20070504,9:30:34,35.09,100,0,0,@,D
AA,20070504,9:30:34,35.07,1000,0,0,@,D
AA,20070504,9:30:34,35.07,300,0,0,@,D
AA,20070504,9:30:34,35.07,100,0,0,@,D
AA,20070504,9:30:34,35.07,100,0,0,@,D
AA,20070504,9:30:34,35.09,200,0,0,F,N
AA,20070504,9:30:35,35.09,100,0,0,F,N
AA,20070504,9:30:36,35.09,100,0,0,E,N
AA,20070504,9:30:36,35.09,100,0,0,@,D
AA,20070504,9:30:41,35.09,100,0,0,E,N
AA,20070504,9:30:44,35.07,1100,0,0,F,N
AA,20070504,9:30:45,35.07,100,0,0,E,N
AA,20070504,9:30:45,35.07,100,0,0,E,N
AA,20070504,9:30:47,35.08,100,0,0,E,N
AA,20070504,9:30:47,35.08,100,0,0,E,N
AA,20070504,9:30:48,35.08,100,0,0,@,T
AA,20070504,9:30:48,35.08,100,0,0,@,T
AA,20070504,9:30:49,35.08,300,0,0,E,N
AA,20070504,9:30:49,35.08,100,0,0,E,N
AA,20070504,9:30:49,35.08,100,0,0,E,N
AA,20070504,9:30:49,35.09,300,0,0,E,N
AA,20070504,9:30:49,35.08,100,0,0,E,N
AA,20070504,9:30:51,35.08,100,0,0,E,N
AA,20070504,9:30:51,35.08,100,0,0,E,N
AA,20070504,9:30:53,35.08,200,0,0,E,N
AA,20070504,9:30:54,35.08,100,0,0,@,T
AA,20070504,9:30:54,35.08,200,0,0,E,N
AA,20070504,9:30:56,35.08,100,0,0,E,N
AA,20070504,9:30:56,35.08,100,0,0,E,N
AA,20070504,9:30:57,35.1,100,0,0,E,N
AA,20070504,9:31:01,35.11,100,0,0,@,T
AA,20070504,9:31:01,35.11,100,0,0,E,P
AA,20070504,9:31:02,35.11,100,0,0,E,N
AA,20070504,9:31:02,35.12,300,0,0,E,N
AA,20070504,9:31:02,35.11,500,0,0,@,D
AA,20070504,9:31:02,35.12,100,0,0,@,T
AA,20070504,9:31:02,35.12,100,0,0,@,T
AA,20070504,9:31:03,35.13,400,0,0,E,N
AA,20070504,9:31:03,35.12,100,0,0,@,C
AA,20070504,9:31:03,35.12,100,0,0,@,C
AA,20070504,9:31:03,35.12,100,0,0,E,P
AA,20070504,9:31:03,35.12,100,0,0,E,P
AA,20070504,9:31:07,35.13,500,0,0,E,N
AA,20070504,9:31:10,35.13,500,0,0,@,D
AA,20070504,9:31:11,35.13,100,0,0,@,T
AA,20070504,9:31:11,35.13,100,0,0,@,T
AA,20070504,9:31:11,35.13,100,0,0,@,D
AA,20070504,9:31:11,35.13,100,0,0,@,D
AA,20070504,9:31:11,35.13,100,0,0,@,D
AA,20070504,9:31:11,35.13,100,0,0,E,P
AA,20070504,9:31:11,35.13,100,0,0,@,T
AA,20070504,9:31:11,35.13,200,0,0,E,N
AA,20070504,9:31:12,35.12,200,0,0,E,N
AA,20070504,9:31:12,35.14,1200,0,0,E,N
AA,20070504,9:31:12,35.12,100,0,0,E,P
AA,20070504,9:31:12,35.12,100,0,0,E,P
AA,20070504,9:31:12,35.14,100,0,0,@,D
AA,20070504,9:31:12,35.14,100,0,0,@,D
AA,20070504,9:31:12,35.12,200,0,0,E,N
AA,20070504,9:31:12,35.12,100,0,0,E,N
AA,20070504,9:31:12,35.12,100,0,0,E,N
AA,20070504,9:31:13,35.12,200,0,0,F,N
AA,20070504,9:31:13,35.12,200,0,0,@,T
AA,20070504,9:31:13,35.12,100,0,0,@,T
AA,20070504,9:31:13,35.12,100,0,0,E,P
AA,20070504,9:31:13,35.12,100,0,0,E,P
AA,20070504,9:31:17,35.13,500,0,0,@,D
AA,20070504,9:31:17,35.14,100,0,0,E,N
AA,20070504,9:31:17,35.14,100,0,0,E,N
AA,20070504,9:31:18,35.14,1000,0,0,F,N
AA,20070504,9:31:19,35.14,500,0,0,E,N
AA,20070504,9:31:19,35.14,100,0,0,E,N
AA,20070504,9:31:19,35.14,100,0,0,E,N
AA,20070504,9:31:22,35.14,100,0,0,E,N
AA,20070504,9:31:22,35.14,100,0,0,E,N
AA,20070504,9:31:24,35.14,100,0,0,E,N
AA,20070504,9:31:24,35.14,100,0,0,E,N
AA,20070504,9:31:24,35.14,100,0,0,E,N
AA,20070504,9:31:24,35.13,400,0,0,E,N
AA,20070504,9:31:24,35.12,100,0,0,E,N
AA,20070504,9:31:24,35.13,100,0,0,@,D
AA,20070504,9:31:24,35.13,100,0,0,@,D
AA,20070504,9:31:24,35.13,100,0,0,E,P
AA,20070504,9:31:24,35.13,100,0,0,E,P
AA,20070504,9:31:24,35.13,100,0,0,E,P
AA,20070504,9:31:24,35.14,100,0,0,@,C
AA,20070504,9:31:24,35.14,100,0,0,@,C
AA,20070504,9:31:24,35.13,500,0,0,@,D
AA,20070504,9:31:25,35.13,100,0,0,@,T
AA,20070504,9:31:25,35.13,100,0,0,@,C
AA,20070504,9:31:25,35.16,100,0,0,@,D
AA,20070504,9:31:25,35.14,100,0,0,E,N
AA,20070504,9:31:26,35.12,500,0,0,E,N
AA,20070504,9:31:27,35.13,100,0,0,E,N
AA,20070504,9:31:28,35.12,900,0,0,E,N
AA,20070504,9:31:28,35.12,900,0,0,E,N
AA,20070504,9:31:31,35.12,1800,0,0,F,N
AA,20070504,9:31:32,35.12,1300,0,0,E,N
AA,20070504,9:31:32,35.12,100,0,0,E,N
AA,20070504,9:31:32,35.12,100,0,0,E,N
AA,20070504,9:31:33,35.12,200,0,0,E,N
AA,20070504,9:31:33,35.13,100,0,0,@,D
AA,20070504,9:31:33,35.13,200,0,0,E,N
AA,20070504,9:31:33,35.14,100,0,0,E,N
AA,20070504,9:31:33,35.13,100,0,0,@,T
AA,20070504,9:31:33,35.13,100,0,0,@,T
AA,20070504,9:31:33,35.13,100,0,0,E,P
AA,20070504,9:31:33,35.13,100,0,0,E,P
AA,20070504,9:31:33,35.13,100,0,0,@,C
AA,20070504,9:31:33,35.13,100,0,0,@,C
AA,20070504,9:31:33,35.12,500,0,0,E,N
AA,20070504,9:31:34,35.12,300,0,0,E,N
AA,20070504,9:31:34,35.13,100,0,0,E,P
AA,20070504,9:31:34,35.13,100,0,0,E,P
AA,20070504,9:31:43,35.12,500,0,0,@,T
AA,20070504,9:31:45,35.1,100,0,0,@,C
AA,20070504,9:31:45,35.1,100,0,0,@,C
AA,20070504,9:31:45,35.1,100,0,0,@,T
AA,20070504,9:31:45,35.1,100,0,0,@,T
AA,20070504,9:31:46,35.09,100,0,0,@,C
AA,20070504,9:31:46,35.09,100,0,0,E,P
AA,20070504,9:31:46,35.09,100,0,0,E,P
AA,20070504,9:31:50,35.08,200,0,0,E,N
AA,20070504,9:31:57,35.09,800,0,0,E,N
AA,20070504,9:31:57,35.09,100,0,0,E,N
AA,20070504,9:31:57,35.09,100,0,0,E,N
AA,20070504,9:31:57,35.09,100,0,0,E,N
AA,20070504,9:31:58,35.09,100,0,0,E,N
AA,20070504,9:31:58,35.1,100,0,0,E,N
AA,20070504,9:31:59,35.11,100,0,0,E,N
AA,20070504,9:31:59,35.11,100,0,0,E,N
AA,20070504,9:31:59,35.11,100,0,0,@,D
AA,20070504,9:31:59,35.11,100,0,0,@,D
AA,20070504,9:32:00,35.12,100,0,0,F,N
AA,20070504,9:32:01,35.13,1000,0,0,E,N
AA,20070504,9:32:03,35.13,300,0,0,E,N
AA,20070504,9:32:06,35.13,800,0,0,E,N
AA,20070504,9:32:07,35.13,100,0,0,F,N
AA,20070504,9:32:07,35.13,300,0,0,E,N
AA,20070504,9:32:08,35.13,100,0,0,E,N
AA,20070504,9:32:08,35.13,100,0,0,E,N
AA,20070504,9:32:08,35.13,100,0,0,@,T
AA,20070504,9:32:09,35.14,300,0,0,E,N
AA,20070504,9:32:11,35.15,100,0,0,@,T
AA,20070504,9:32:11,35.15,100,0,0,@,T
AA,20070504,9:32:11,35.14,100,0,0,F,P
AA,20070504,9:32:12,35.15,100,0,0,E,N
AA,20070504,9:32:12,35.15,200,0,0,E,N
AA,20070504,9:32:14,35.14,100,0,0,E,P
AA,20070504,9:32:14,35.14,100,0,0,E,P
AA,20070504,9:32:14,35.14,100,0,0,E,P
AA,20070504,9:32:15,35.14,600,0,0,E,N
AA,20070504,9:32:15,35.14,100,0,0,@,C
AA,20070504,9:32:15,35.14,100,0,0,@,C
AA,20070504,9:32:15,35.14,100,0,0,@,T
AA,20070504,9:32:16,35.14,100,0,0,E,N
AA,20070504,9:32:16,35.14,270,0,0,@,D
AA,20070504,9:32:16,35.14,200,0,0,E,N
AA,20070504,9:32:16,35.14,300,0,0,E,N
AA,20070504,9:32:17,35.14,100,0,0,F,N
AA,20070504,9:32:18,35.13,100,0,0,@,T
AA,20070504,9:32:18,35.13,100,0,0,@,T
AA,20070504,9:32:18,35.13,100,0,0,@,T
AA,20070504,9:32:21,35.14,200,0,0,E,N
AA,20070504,9:32:22,35.12,100,0,0,@,T
AA,20070504,9:32:22,35.13,100,0,0,@,T
AA,20070504,9:32:22,35.13,100,0,0,@,T
AA,20070504,9:32:23,35.14,500,0,0,E,N
AA,20070504,9:32:25,35.14,500,0,0,E,N
AA,20070504,9:32:29,35.14,600,0,0,E,N
AA,20070504,9:32:32,35.14,600,0,0,E,N
AA,20070504,9:32:33,35.14,100,0,0,E,N
AA,20070504,9:32:33,35.14,400,0,0,E,N
AA,20070504,9:32:34,35.15,100,0,0,E,N
AA,20070504,9:32:34,35.15,100,0,0,E,N
AA,20070504,9:32:34,35.15,100,0,0,E,N
AA,20070504,9:32:34,35.15,100,0,0,E,N
AA,20070504,9:32:35,35.16,100,0,0,F,N
AA,20070504,9:32:36,35.16,100,0,0,E,N
AA,20070504,9:32:36,35.16,100,0,0,@,T
AA,20070504,9:32:36,35.16,100,0,0,@,T
AA,20070504,9:32:36,35.16,100,0,0,E,N
AA,20070504,9:32:37,35.16,100,0,0,E,N
AA,20070504,9:32:38,35.15,100,0,0,E,N
AA,20070504,9:32:41,35.15,200,0,0,E,N
AA,20070504,9:32:41,35.14,1500,0,0,F,N
AA,20070504,9:32:41,35.15,100,0,0,E,N
AA,20070504,9:32:41,35.14,100,0,0,F,C
AA,20070504,9:32:41,35.14,100,0,0,F,C
AA,20070504,9:32:41,35.14,100,0,0,F,C
AA,20070504,9:32:44,35.15,2000,0,0,E,N
AA,20070504,9:32:46,35.15,100,0,0,E,N
AA,20070504,9:32:46,35.15,100,0,0,E,N
AA,20070504,9:32:52,35.14,1000,0,0,E,N
AA,20070504,9:33:00,35.07,19100,0,0,B,D
AA,20070504,9:33:00,35.14,200,0,0,E,N
AA,20070504,9:33:00,35.14,100,0,0,E,N
AA,20070504,9:33:00,35.14,100,0,0,E,N
AA,20070504,9:33:01,35.14,1100,0,0,E,N
AA,20070504,9:33:01,35.14,1000,0,0,E,N
AA,20070504,9:33:02,35.14,100,0,0,E,N
AA,20070504,9:33:02,35.13,600,0,0,@,T
AA,20070504,9:33:03,35.13,200,0,0,@,T
AA,20070504,9:33:04,35.12,300,0,0,E,N
AA,20070504,9:33:07,35.11,100,0,0,E,N
AA,20070504,9:33:07,35.1,400,0,0,E,N
AA,20070504,9:33:10,35.1,100,0,0,E,P
AA,20070504,9:33:10,35.1,100,0,0,E,P
AA,20070504,9:33:10,35.1,100,0,0,E,P
AA,20070504,9:33:10,35.1,100,0,0,@,T
AA,20070504,9:33:13,35.11,100,0,0,@,D
AA,20070504,9:33:13,35.11,800,0,0,E,N
AA,20070504,9:33:13,35.12,1800,0,0,E,N
AA,20070504,9:33:13,35.13,300,0,0,E,N
AA,20070504,9:33:13,35.14,1300,0,0,E,N
AA,20070504,9:33:13,35.14,200,0,0,E,N
AA,20070504,9:33:13,35.11,100,0,0,E,N
AA,20070504,9:33:13,35.11,100,0,0,E,N
AA,20070504,9:33:14,35.11,700,0,0,E,N
AA,20070504,9:33:14,35.11,100,0,0,E,N
AA,20070504,9:33:14,35.11,400,0,0,E,N
AA,20070504,9:33:14,35.14,100,0,0,E,P
AA,20070504,9:33:14,35.14,100,0,0,E,P
AA,20070504,9:33:14,35.12,100,0,0,E,P
AA,20070504,9:33:14,35.12,100,0,0,E,P
AA,20070504,9:33:14,35.12,100,0,0,@,T
AA,20070504,9:33:14,35.12,100,0,0,@,T
AA,20070504,9:33:14,35.11,100,0,0,@,D
AA,20070504,9:33:14,35.11,100,0,0,@,D
AA,20070504,9:33:14,35.11,500,0,0,E,N
AA,20070504,9:33:14,35.11,100,0,0,@,T
AA,20070504,9:33:14,35.11,200,0,0,E,N
AA,20070504,9:33:14,35.11,100,0,0,@,D
AA,20070504,9:33:14,35.11,100,0,0,E,N
AA,20070504,9:33:14,35.11,200,0,0,E,N
AA,20070504,9:33:14,35.11,1100,0,0,E,N
AA,20070504,9:33:15,35.12,100,0,0,E,P
AA,20070504,9:33:15,35.12,100,0,0,@,T
AA,20070504,9:33:15,35.12,100,0,0,@,T
AA,20070504,9:33:15,35.12,100,0,0,@,T
AA,20070504,9:33:16,35.11,100,0,0,E,N
AA,20070504,9:33:16,35.12,100,0,0,E,N
AA,20070504,9:33:16,35.12,100,0,0,E,N
AA,20070504,9:33:16,35.11,100,0,0,E,P
AA,20070504,9:33:16,35.11,100,0,0,E,P
AA,20070504,9:33:16,35.11,100,0,0,F,C
AA,20070504,9:33:16,35.11,100,0,0,@,T
AA,20070504,9:33:17,35.11,100,0,0,E,N
AA,20070504,9:33:17,35.11,100,0,0,E,P
AA,20070504,9:33:17,35.11,100,0,0,@,T
AA,20070504,9:33:18,35.12,300,0,0,E,N
AA,20070504,9:33:18,35.12,100,0,0,E,N
AA,20070504,9:33:19,35.11,100,0,0,@,T
AA,20070504,9:33:19,35.11,100,0,0,@,T
AA,20070504,9:33:19,35.12,100,0,0,E,P
AA,20070504,9:33:19,35.12,100,0,0,E,N
AA,20070504,9:33:21,35.12,100,0,0,@,T
AA,20070504,9:33:21,35.11,100,0,0,@,T
AA,20070504,9:33:21,35.12,100,0,0,@,T
AA,20070504,9:33:21,35.11,100,0,0,E,P
AA,20070504,9:33:21,35.11,100,0,0,@,T
AA,20070504,9:33:21,35.11,600,0,0,E,N
AA,20070504,9:33:22,35.13,100,0,0,@,T
AA,20070504,9:33:22,35.13,100,0,0,E,P
AA,20070504,9:33:22,35.11,100,0,0,@,C
AA,20070504,9:33:22,35.1,400,0,0,E,N
AA,20070504,9:33:23,35.11,100,0,0,E,N
AA,20070504,9:33:23,35.11,100,0,0,@,T
AA,20070504,9:33:23,35.11,400,0,0,E,N
AA,20070504,9:33:23,35.11,700,0,0,E,N
AA,20070504,9:33:23,35.11,300,0,0,E,N
AA,20070504,9:33:23,35.1,500,0,0,E,N
AA,20070504,9:33:25,35.12,100,0,0,@,T
AA,20070504,9:33:25,35.12,300,0,0,E,N
AA,20070504,9:33:25,35.11,100,0,0,E,P
AA,20070504,9:33:25,35.11,100,0,0,@,T
AA,20070504,9:33:27,35.12,300,0,0,E,N
AA,20070504,9:33:27,35.12,300,0,0,E,N
AA,20070504,9:33:29,35.12,600,0,0,E,N
AA,20070504,9:33:30,35.12,100,0,0,E,N
AA,20070504,9:33:30,35.12,100,0,0,E,P
AA,20070504,9:33:30,35.12,100,0,0,E,N
AA,20070504,9:33:30,35.12,200,0,0,E,N
AA,20070504,9:33:30,35.13,600,0,0,E,N
AA,20070504,9:33:30,35.13,100,0,0,E,P
AA,20070504,9:33:31,35.12,200,0,0,E,N
AA,20070504,9:33:31,35.12,100,0,0,@,T
AA,20070504,9:33:31,35.12,100,0,0,@,T
AA,20070504,9:33:31,35.12,100,0,0,@,T
AA,20070504,9:33:31,35.12,200,0,0,E,N
AA,20070504,9:33:32,35.13,200,0,0,E,N
AA,20070504,9:33:33,35.12,100,0,0,E,N
AA,20070504,9:33:33,35.12,100,0,0,E,N
AA,20070504,9:33:33,35.11,200,0,0,@,D
AA,20070504,9:33:33,35.12,100,0,0,@,T
AA,20070504,9:33:33,35.12,100,0,0,E,P
AA,20070504,9:33:34,35.11,100,0,0,@,T
AA,20070504,9:33:34,35.11,100,0,0,@,T
AA,20070504,9:33:34,35.11,400,0,0,E,N
AA,20070504,9:33:34,35.1,1400,0,0,E,N
AA,20070504,9:33:34,35.11,100,0,0,E,P
AA,20070504,9:33:34,35.11,100,0,0,@,C
AA,20070504,9:33:34,35.11,100,0,0,@,C
AA,20070504,9:33:34,35.11,100,0,0,E,N
AA,20070504,9:33:34,35.1,200,0,0,E,N
AA,20070504,9:33:39,35.11,100,0,0,E,N
AA,20070504,9:33:40,35.11,100,0,0,@,T
AA,20070504,9:33:40,35.12,100,0,0,@,T
AA,20070504,9:33:40,35.11,700,0,0,E,N
AA,20070504,9:33:43,35.1,2000,0,0,E,N
AA,20070504,9:33:43,35.11,100,0,0,E,P
AA,20070504,9:33:45,35.1,1000,0,0,E,N
AA,20070504,9:33:45,35.11,100,0,0,@,T
AA,20070504,9:33:45,35.11,900,0,0,@,T
AA,20070504,9:33:45,35.11,100,0,0,E,P
AA,20070504,9:33:53,35.1,100,0,0,F,C
AA,20070504,9:33:53,35.11,1000,0,0,@,D
AA,20070504,9:33:53,35.1,1700,0,0,F,N
AA,20070504,9:33:53,35.1,700,0,0,E,N
AA,20070504,9:33:54,35.1,100,0,0,E,N
AA,20070504,9:33:54,35.1,100,0,0,E,N
AA,20070504,9:33:54,35.1,1300,0,0,E,N
AA,20070504,9:33:54,35.1,100,0,0,E,N
AA,20070504,9:33:55,35.1,100,0,0,E,N
AA,20070504,9:33:55,35.1,100,0,0,@,T
AA,20070504,9:33:55,35.11,200,0,0,E,N
AA,20070504,9:33:55,35.1,100,0,0,@,T
AA,20070504,9:33:55,35.1,200,0,0,@,T
AA,20070504,9:33:56,35.08,500,0,0,@,T
AA,20070504,9:33:56,35.08,1000,0,0,E,N
AA,20070504,9:33:57,35.08,100,0,0,@,D
AA,20070504,9:33:57,35.08,100,0,0,E,N
AA,20070504,9:33:58,35.07,100,0,0,E,N
AA,20070504,9:33:58,35.07,100,0,0,E,N
AA,20070504,9:33:58,35.07,100,0,0,E,N
AA,20070504,9:34:00,35.07,100,0,0,E,N
AA,20070504,9:34:00,35.07,100,0,0,E,N
AA,20070504,9:34:00,35.07,100,0,0,E,N
AA,20070504,9:34:02,35.07,100,0,0,E,N
AA,20070504,9:34:02,35.07,100,0,0,E,N
AA,20070504,9:34:02,35.07,1500,0,0,E,N
AA,20070504,9:34:02,35.07,100,0,0,E,N
AA,20070504,9:34:03,35.07,100,0,0,E,N
AA,20070504,9:34:03,35.07,100,0,0,E,N
AA,20070504,9:34:03,35.07,300,0,0,E,N
AA,20070504,9:34:03,35.07,100,0,0,E,N
AA,20070504,9:34:04,35.06,100,0,0,E,N
AA,20070504,9:34:04,35.06,100,0,0,@,T
AA,20070504,9:34:04,35.06,100,0,0,@,T
AA,20070504,9:34:04,35.06,100,0,0,@,T
AA,20070504,9:34:04,35.06,100,0,0,@,T
AA,20070504,9:34:04,35.06,100,0,0,E,P
AA,20070504,9:34:05,35.05,100,0,0,E,P
AA,20070504,9:34:05,35.05,200,0,0,@,T
AA,20070504,9:34:06,35.05,1900,0,0,F,N
AA,20070504,9:34:07,35.05,300,0,0,@,T
AA,20070504,9:34:07,35.05,100,0,0,@,T
AA,20070504,9:34:07,35.05,300,0,0,@,T
AA,20070504,9:34:07,35.06,1500,0,0,F,N
AA,20070504,9:34:07,35.05,100,0,0,E,N
AA,20070504,9:34:07,35.05,100,0,0,E,N
AA,20070504,9:34:07,35.05,100,0,0,E,N
AA,20070504,9:34:08,35.05,100,0,0,E,N
AA,20070504,9:34:08,35.05,900,0,0,E,N
AA,20070504,9:34:09,35.06,100,0,0,E,N
AA,20070504,9:34:09,35.06,100,0,0,E,N
AA,20070504,9:34:09,35.06,100,0,0,@,T
AA,20070504,9:34:09,35.06,2200,0,0,E,N
AA,20070504,9:34:09,35.07,700,0,0,E,N
AA,20070504,9:34:09,35.08,2100,0,0,E,N
AA,20070504,9:34:09,35.09,500,0,0,E,N
AA,20070504,9:34:09,35.1,500,0,0,E,N
AA,20070504,9:34:09,35.1,100,0,0,E,N
AA,20070504,9:34:10,35.1,100,0,0,E,N
AA,20070504,9:34:10,35.07,100,0,0,@,T
AA,20070504,9:34:10,35.07,100,0,0,@,T
AA,20070504,9:34:10,35.08,100,0,0,@,T
AA,20070504,9:34:10,35.09,100,0,0,@,T
AA,20070504,9:34:10,35.07,100,0,0,@,D
AA,20070504,9:34:10,35.07,100,0,0,@,D
AA,20070504,9:34:10,35.07,100,0,0,@,D
AA,20070504,9:34:10,35.1,100,0,0,E,N
AA,20070504,9:34:10,35.07,100,0,0,F,P
AA,20070504,9:34:10,35.07,100,0,0,F,P
AA,20070504,9:34:10,35.11,100,0,0,E,P
AA,20070504,9:34:10,35.1,100,0,0,@,T
AA,20070504,9:34:10,35.11,100,0,0,@,T
AA,20070504,9:34:10,35.06,100,0,0,@,C
AA,20070504,9:34:10,35.1,500,0,0,E,N
AA,20070504,9:34:10,35.1,100,0,0,E,N
AA,20070504,9:34:10,35.15,100,0,0,@,T
AA,20070504,9:34:10,35.1,1000,0,0,E,N
AA,20070504,9:34:10,35.1,1400,0,0,@,N
AA,20070504,9:34:11,35.1,100,0,0,E,N
AA,20070504,9:34:11,35.1,1000,0,0,E,N
AA,20070504,9:34:11,35.15,100,0,0,@,T
AA,20070504,9:34:11,35.15,100,0,0,@,T
AA,20070504,9:34:11,35.14,100,0,0,@,T
AA,20070504,9:34:11,35.14,100,0,0,@,T
AA,20070504,9:34:11,35.14,100,0,0,@,T
AA,20070504,9:34:11,35.14,100,0,0,@,T
AA,20070504,9:34:11,35.14,100,0,0,@,T
AA,20070504,9:34:11,35.14,100,0,0,@,T
AA,20070504,9:34:11,35.13,100,0,0,@,T
AA,20070504,9:34:11,35.13,100,0,0,@,T
AA,20070504,9:34:11,35.13,100,0,0,@,T
AA,20070504,9:34:11,35.13,100,0,0,@,T
AA,20070504,9:34:11,35.12,100,0,0,@,T
AA,20070504,9:34:11,35.12,100,0,0,@,T
AA,20070504,9:34:11,35.1,500,0,0,E,N
AA,20070504,9:34:11,35.1,200,0,0,E,N
AA,20070504,9:34:11,35.1,100,0,0,E,N
AA,20070504,9:34:11,35.1,1000,0,0,E,N
AA,20070504,9:34:11,35.1,100,0,0,@,N
AA,20070504,9:34:11,35.1,200,0,0,E,N
AA,20070504,9:34:11,35.1,100,0,0,E,N
AA,20070504,9:34:11,35.11,100,0,0,@,T
AA,20070504,9:34:11,35.12,100,0,0,E,P
AA,20070504,9:34:11,35.12,100,0,0,E,N
AA,20070504,9:34:11,35.12,100,0,0,E,P
AA,20070504,9:34:11,35.12,100,0,0,E,P
AA,20070504,9:34:11,35.12,100,0,0,E,P
AA,20070504,9:34:11,35.12,100,0,0,E,P
AA,20070504,9:34:11,35.12,100,0,0,E,P
AA,20070504,9:34:11,35.12,100,0,0,@,D
AA,20070504,9:34:11,35.12,100,0,0,@,D
AA,20070504,9:34:11,35.12,100,0,0,@,T
AA,20070504,9:34:11,35.12,100,0,0,E,N
AA,20070504,9:34:11,35.12,100,0,0,E,N
AA,20070504,9:34:12,35.12,100,0,0,@,C
AA,20070504,9:34:12,35.12,200,0,0,F,N
AA,20070504,9:34:12,35.13,100,0,0,E,N
AA,20070504,9:34:12,35.13,200,0,0,E,N
AA,20070504,9:34:12,35.12,400,0,0,E,N
AA,20070504,9:34:12,35.11,200,0,0,E,N
AA,20070504,9:34:12,35.15,100,0,0,@,T
AA,20070504,9:34:12,35.15,100,0,0,@,T
AA,20070504,9:34:12,35.15,100,0,0,@,T
AA,20070504,9:34:12,35.14,300,0,0,E,N
AA,20070504,9:34:13,35.14,100,0,0,E,P
AA,20070504,9:34:13,35.14,100,0,0,E,P
AA,20070504,9:34:13,35.14,100,0,0,@,C
AA,20070504,9:34:13,35.13,100,0,0,E,P
AA,20070504,9:34:13,35.13,100,0,0,E,P
AA,20070504,9:34:13,35.14,100,0,0,E,N
AA,20070504,9:34:13,35.15,100,0,0,E,N
AA,20070504,9:34:16,35.14,100,0,0,E,P
AA,20070504,9:34:17,35.15,400,0,0,E,N
AA,20070504,9:34:18,35.14,900,0,0,E,N
AA,20070504,9:34:22,35.13,100,0,0,E,N
AA,20070504,9:34:22,35.14,100,0,0,E,N
AA,20070504,9:34:22,35.14,100,0,0,@,T
AA,20070504,9:34:22,35.14,100,0,0,E,N
AA,20070504,9:34:24,35.15,300,0,0,F,N
AA,20070504,9:34:24,35.15,1000,0,0,E,N
AA,20070504,9:34:24,35.15,100,0,0,F,N
AA,20070504,9:34:24,35.14,100,0,0,@,T
AA,20070504,9:34:24,35.14,100,0,0,@,T
AA,20070504,9:34:24,35.14,100,0,0,E,P
AA,20070504,9:34:25,35.15,100,0,0,@,T
AA,20070504,9:34:25,35.14,200,0,0,F,N
AA,20070504,9:34:25,35.15,100,0,0,E,P
AA,20070504,9:34:26,35.14,100,0,0,E,P
AA,20070504,9:34:26,35.13,100,0,0,@,T
AA,20070504,9:34:26,35.13,100,0,0,@,T
AA,20070504,9:34:29,35.12,100,0,0,E,P
AA,20070504,9:34:29,35.12,100,0,0,@,D
AA,20070504,9:34:30,35.12,200,0,0,@,D
AA,20070504,9:34:35,35.12,600,0,0,@,D
AA,20070504,9:34:36,35.11,200,0,0,@,T
AA,20070504,9:34:36,35.11,200,0,0,@,T
AA,20070504,9:34:36,35.11,200,0,0,@,T
AA,20070504,9:34:36,35.11,100,0,0,@,T
AA,20070504,9:34:36,35.11,100,0,0,@,T
AA,20070504,9:34:36,35.11,100,0,0,F,N
AA,20070504,9:34:37,35.13,200,0,0,E,N
AA,20070504,9:34:37,35.14,100,0,0,E,N
AA,20070504,9:34:38,35.13,100,0,0,E,N
AA,20070504,9:34:38,35.13,100,0,0,@,T
AA,20070504,9:34:38,35.13,100,0,0,@,T
AA,20070504,9:34:38,35.13,100,0,0,E,N
AA,20070504,9:34:38,35.13,100,0,0,@,D
AA,20070504,9:34:38,35.13,100,0,0,@,T
AA,20070504,9:34:38,35.13,100,0,0,@,T
AA,20070504,9:34:38,35.13,100,0,0,@,T
AA,20070504,9:34:38,35.13,100,0,0,E,P
AA,20070504,9:34:38,35.15,100,0,0,@,T
AA,20070504,9:34:38,35.15,100,0,0,E,P
AA,20070504,9:34:39,35.13,100,0,0,E,N
AA,20070504,9:34:39,35.12,100,0,0,E,P
AA,20070504,9:34:39,35.14,100,0,0,@,T
AA,20070504,9:34:39,35.13,100,0,0,E,N
AA,20070504,9:34:39,35.12,100,0,0,E,N
AA,20070504,9:34:39,35.13,100,0,0,E,N
AA,20070504,9:34:39,35.14,100,0,0,E,N
AA,20070504,9:34:40,35.12,100,0,0,E,N
AA,20070504,9:34:40,35.12,100,0,0,E,N
AA,20070504,9:34:40,35.12,100,0,0,@,T
AA,20070504,9:34:40,35.12,100,0,0,@,T
AA,20070504,9:34:40,35.12,300,0,0,@,T
AA,20070504,9:34:40,35.12,300,0,0,@,T
AA,20070504,9:34:40,35.12,100,0,0,@,T
AA,20070504,9:34:40,35.12,100,0,0,E,P
AA,20070504,9:34:43,35.11,600,0,0,@,T
AA,20070504,9:34:47,35.11,700,0,0,F,N
AA,20070504,9:34:47,35.11,100,0,0,@,T
AA,20070504,9:34:47,35.11,100,0,0,@,T
AA,20070504,9:34:47,35.11,100,0,0,E,P
AA,20070504,9:34:47,35.11,100,0,0,E,P
AA,20070504,9:34:48,35.11,200,0,0,F,N
AA,20070504,9:34:48,35.11,200,0,0,E,N
AA,20070504,9:34:49,35.11,200,0,0,E,N
AA,20070504,9:34:49,35.11,400,0,0,E,N
AA,20070504,9:34:49,35.11,100,0,0,@,C
AA,20070504,9:34:49,35.11,700,0,0,E,N
AA,20070504,9:34:50,35.11,1000,0,0,E,N
AA,20070504,9:34:50,35.11,2300,0,0,F,N
AA,20070504,9:34:53,35.11,100,0,0,E,N
AA,20070504,9:34:53,35.11,600,0,0,@,T
AA,20070504,9:34:53,35.11,100,0,0,@,T
AA,20070504,9:34:53,35.11,600,0,0,@,T
AA,20070504,9:34:53,35.11,100,0,0,E,P
AA,20070504,9:34:53,35.11,200,0,0,E,P
AA,20070504,9:34:55,35.11,1000,0,0,E,N
AA,20070504,9:34:55,35.11,500,0,0,E,N
AA,20070504,9:34:56,35.11,200,0,0,F,D
AA,20070504,9:34:57,35.1,400,0,0,E,N
AA,20070504,9:34:57,35.1,700,0,0,E,N
AA,20070504,9:34:57,35.1,700,0,0,E,N
AA,20070504,9:34:58,35.1,300,0,0,E,N
AA,20070504,9:35:00,35.11,600,0,0,E,N
AA,20070504,9:35:01,35.1,800,0,0,E,N
AA,20070504,9:35:01,35.1,1000,0,0,E,N
AA,20070504,9:35:03,35.1,1000,0,0,E,N
AA,20070504,9:35:11,35.1,700,0,0,E,N
AA,20070504,9:35:12,35.11,1000,0,0,E,N
AA,20070504,9:35:12,35.1,1100,0,0,E,N
AA,20070504,9:35:12,35.11,600,0,0,E,N
AA,20070504,9:35:12,35.11,200,0,0,F,N
AA,20070504,9:35:12,35.1,900,0,0,F,N
AA,20070504,9:35:12,35.11,100,0,0,@,T
AA,20070504,9:35:13,35.11,500,0,0,@,D
AA,20070504,9:35:13,35.1,1000,0,0,F,N
AA,20070504,9:35:13,35.1,100,0,0,F,N
AA,20070504,9:35:15,35.11,100,0,0,@,D
AA,20070504,9:35:19,35.11,600,0,0,F,N
AA,20070504,9:35:24,35.11,100,0,0,@,T
AA,20070504,9:35:24,35.11,500,0,0,@,T
AA,20070504,9:35:24,35.11,100,0,0,@,T
AA,20070504,9:35:24,35.11,100,0,0,E,N
AA,20070504,9:35:24,35.11,200,0,0,E,N
AA,20070504,9:35:24,35.11,300,0,0,E,N
AA,20070504,9:35:26,35.11,600,0,0,E,N
AA,20070504,9:35:26,35.111,100,0,0,@,D
AA,20070504,9:35:26,35.11,200,0,0,E,N
AA,20070504,9:35:26,35.11,300,0,0,E,N
AA,20070504,9:35:36,35.1099,600,0,0,@,D
AA,20070504,9:35:37,35.1,500,0,0,E,N
AA,20070504,9:35:37,35.1,700,0,0,E,N
AA,20070504,9:35:37,35.1,800,0,0,E,N
AA,20070504,9:35:39,35.1,700,0,0,E,N
AA,20070504,9:35:39,35.1,500,0,0,E,N
AA,20070504,9:35:42,35.1,200,0,0,E,P
AA,20070504,9:35:43,35.1,400,0,0,E,N
AA,20070504,9:35:43,35.1,200,0,0,E,N
AA,20070504,9:35:44,35.09,100,0,0,@,T
AA,20070504,9:35:45,35.09,100,0,0,@,D
AA,20070504,9:35:45,35.08,100,0,0,@,T
AA,20070504,9:35:45,35.08,100,0,0,@,T
AA,20070504,9:35:45,35.09,100,0,0,@,T
AA,20070504,9:35:45,35.08,300,0,0,@,T
AA,20070504,9:35:46,35.09,300,0,0,E,N
AA,20070504,9:35:46,35.09,100,0,0,@,C
AA,20070504,9:35:46,35.1,100,0,0,E,P
AA,20070504,9:35:46,35.09,1800,0,0,E,N
AA,20070504,9:35:46,35.1,100,0,0,@,T
AA,20070504,9:35:46,35.11,100,0,0,@,T
AA,20070504,9:35:46,35.1,100,0,0,@,C
AA,20070504,9:35:46,35.11,400,0,0,E,N
AA,20070504,9:35:46,35.09,100,0,0,@,T
AA,20070504,9:35:46,35.11,100,0,0,E,N
AA,20070504,9:35:46,35.11,100,0,0,@,T
AA,20070504,9:35:46,35.11,2800,0,0,E,N
AA,20070504,9:35:46,35.11,600,0,0,E,N
AA,20070504,9:35:47,35.11,100,0,0,E,N
AA,20070504,9:35:47,35.11,100,0,0,E,N
AA,20070504,9:35:49,35.11,100,0,0,@,T
AA,20070504,9:36:00,35.11,400,0,0,F,N
AA,20070504,9:36:01,35.11,900,0,0,E,N
AA,20070504,9:36:06,35.11,300,0,0,@,D
AA,20070504,9:36:12,35.11,300,0,0,F,N
AA,20070504,9:36:18,35.1,100,0,0,E,N
AA,20070504,9:36:20,35.1,100,0,0,@,T
AA,20070504,9:36:23,35.1,700,0,0,@,T
AA,20070504,9:36:24,35.1,100,0,0,E,N
AA,20070504,9:36:29,35.09,100,0,0,@,T
AA,20070504,9:36:29,35.09,100,0,0,@,T
AA,20070504,9:36:32,35.09,200,0,0,E,N
AA,20070504,9:36:38,35.08,2100,0,0,@,T
AA,20070504,9:36:38,35.08,1700,0,0,@,T
AA,20070504,9:36:38,35.08,100,0,0,F,N
AA,20070504,9:36:47,35.05,200,0,0,E,N
AA,20070504,9:36:48,35.08,62500,0,0,@,D
AA,20070504,9:36:52,35.05,2500,0,0,E,N
AA,20070504,9:36:53,35.04,100,0,0,@,T
AA,20070504,9:37:02,35.04,100,0,0,@,T
AA,20070504,9:37:03,35.04,500,0,0,F,N
AA,20070504,9:37:03,35.04,100,0,0,E,N
AA,20070504,9:37:04,35.04,500,0,0,E,N
AA,20070504,9:37:06,35.04,3000,0,0,E,N
AA,20070504,9:37:06,35.04,700,0,0,E,N
AA,20070504,9:37:07,35.04,700,0,0,E,N
AA,20070504,9:37:07,35.04,100,0,0,E,N
AA,20070504,9:37:07,35.04,100,0,0,E,N
AA,20070504,9:37:07,35.04,800,0,0,E,N
AA,20070504,9:37:10,35.05,400,0,0,E,N
AA,20070504,9:37:13,35.05,100,0,0,@,D
AA,20070504,9:37:13,35.05,300,0,0,E,N
AA,20070504,9:37:14,35.04,200,0,0,E,N
AA,20070504,9:37:18,35.05,100,0,0,@,T
AA,20070504,9:37:18,35.05,200,0,0,@,T
AA,20070504,9:37:18,35.05,500,0,0,@,T
AA,20070504,9:37:21,35.04,100,0,0,E,N
AA,20070504,9:37:21,35.04,100,0,0,E,N
AA,20070504,9:37:21,35.04,100,0,0,E,N
AA,20070504,9:37:22,35.04,100,0,0,E,N
AA,20070504,9:37:23,35.04,100,0,0,E,N
AA,20070504,9:37:25,35.05,100,0,0,E,N
AA,20070504,9:37:28,35.04,800,0,0,E,N
AA,20070504,9:37:34,35.04,200,0,0,E,N
AA,20070504,9:37:36,35.04,900,0,0,@,T
AA,20070504,9:37:37,35.04,300,0,0,E,N
AA,20070504,9:37:37,35.04,800,0,0,E,N
AA,20070504,9:37:37,35.04,100,0,0,F,N
AA,20070504,9:37:38,35.04,300,0,0,E,N
AA,20070504,9:37:38,35.05,900,0,0,E,N
AA,20070504,9:37:38,35.05,600,0,0,E,N
AA,20070504,9:37:39,35.03,100,0,0,@,D
AA,20070504,9:37:39,35.03,100,0,0,@,D
AA,20070504,9:37:39,35.03,200,0,0,E,P
AA,20070504,9:37:39,35.03,100,0,0,@,T
AA,20070504,9:37:39,35.03,100,0,0,@,T
AA,20070504,9:37:40,35.03,100,0,0,E,P
AA,20070504,9:37:40,35.03,500,0,0,F,N
AA,20070504,9:37:42,35.03,400,0,0,E,N
AA,20070504,9:37:47,35.03,100,0,0,E,P
AA,20070504,9:37:47,35.03,100,0,0,E,N
AA,20070504,9:37:48,35.04,1700,0,0,E,N
AA,20070504,9:37:53,35.04,300,0,0,E,N
AA,20070504,9:37:55,35.04,300,0,0,E,N
AA,20070504,9:37:56,35.03,300,0,0,E,N
AA,20070504,9:37:56,35.02,500,0,0,E,N
AA,20070504,9:37:56,35.03,1600,0,0,E,P
AA,20070504,9:37:56,35.03,100,0,0,E,N
AA,20070504,9:37:56,35.03,1000,0,0,E,N
AA,20070504,9:37:56,35.01,100,0,0,E,N
AA,20070504,9:37:56,35.02,100,0,0,@,T
AA,20070504,9:37:57,35.02,100,0,0,E,N
AA,20070504,9:37:57,35.02,100,0,0,E,N
AA,20070504,9:37:57,35.02,200,0,0,E,N
AA,20070504,9:37:58,35.02,1800,0,0,E,N
AA,20070504,9:37:59,35.02,2000,0,0,E,N
AA,20070504,9:38:00,35.02,100,0,0,E,N
AA,20070504,9:38:00,35.02,100,0,0,E,N
AA,20070504,9:38:01,35.01,200,0,0,E,N
AA,20070504,9:38:01,35.02,100,0,0,@,T
AA,20070504,9:38:01,35.02,100,0,0,@,T
AA,20070504,9:38:01,35.02,100,0,0,@,T
AA,20070504,9:38:01,35.02,100,0,0,E,P
AA,20070504,9:38:01,35.02,100,0,0,E,P
AA,20070504,9:38:02,35.02,800,0,0,E,N
AA,20070504,9:38:07,35.02,600,0,0,E,N
AA,20070504,9:38:08,35.02,600,0,0,E,N
AA,20070504,9:38:08,35.02,100,0,0,@,T
AA,20070504,9:38:08,35.02,100,0,0,@,T
AA,20070504,9:38:08,35.02,1300,0,0,@,T
AA,20070504,9:38:08,35.02,1500,0,0,@,T
AA,20070504,9:38:09,35.02,100,0,0,E,N
AA,20070504,9:38:09,35.03,300,0,0,E,N
AA,20070504,9:38:09,35.03,100,0,0,E,N
AA,20070504,9:38:09,35.03,100,0,0,@,D
AA,20070504,9:38:10,35.03,400,0,0,E,N
AA,20070504,9:38:11,35.04,200,0,0,F,N
AA,20070504,9:38:12,35.04,400,0,0,E,N
AA,20070504,9:38:12,35.04,100,0,0,E,P
AA,20070504,9:38:12,35.05,300,0,0,E,N
AA,20070504,9:38:14,35.03,200,0,0,E,N
AA,20070504,9:38:17,35.03,1200,0,0,@,D
AA,20070504,9:38:17,35.03,100,0,0,@,T
AA,20070504,9:38:17,35.03,300,0,0,E,N
AA,20070504,9:38:17,35.02,300,0,0,E,N
AA,20070504,9:38:17,35.01,300,0,0,E,N
AA,20070504,9:38:17,35,200,0,0,E,N
AA,20070504,9:38:17,35.02,100,0,0,E,P
AA,20070504,9:38:18,35.02,200,0,0,@,T
AA,20070504,9:38:18,35.02,100,0,0,@,T
AA,20070504,9:38:18,35.02,200,0,0,@,T
AA,20070504,9:38:19,35.02,300,0,0,@,T
AA,20070504,9:38:20,35.01,100,0,0,F,N
AA,20070504,9:38:22,35.02,100,0,0,E,N
AA,20070504,9:38:23,35.0101,300,0,0,@,D
AA,20070504,9:38:24,35.01,100,0,0,@,D
AA,20070504,9:38:24,35.05,1400,0,0,@,D
AA,20070504,9:38:31,35.02,800,0,0,E,N
AA,20070504,9:38:31,35.03,200,0,0,E,N
AA,20070504,9:38:31,35.03,100,0,0,@,T
AA,20070504,9:38:31,35.03,100,0,0,@,T
AA,20070504,9:38:31,35.03,300,0,0,@,T
AA,20070504,9:38:31,35.04,100,0,0,E,N
AA,20070504,9:38:31,35.04,100,0,0,E,N
AA,20070504,9:38:31,35.03,100,0,0,@,C
AA,20070504,9:38:31,35.03,200,0,0,E,N
AA,20070504,9:38:32,35.03,100,0,0,E,N
AA,20070504,9:38:32,35.02,200,0,0,E,N
AA,20070504,9:38:33,35,1200,0,0,F,D
AA,20070504,9:38:33,35.01,300,0,0,E,N
AA,20070504,9:38:33,35,300,0,0,E,N
AA,20070504,9:38:33,35.02,100,0,0,@,C
AA,20070504,9:38:33,35.01,100,0,0,E,P
AA,20070504,9:38:33,35.01,100,0,0,E,N
AA,20070504,9:38:33,35,200,0,0,E,N
AA,20070504,9:38:39,35,100,0,0,@,T
AA,20070504,9:38:39,35,100,0,0,@,T
AA,20070504,9:38:39,35,400,0,0,@,T
AA,20070504,9:38:39,35,200,0,0,F,D
AA,20070504,9:38:39,35,100,0,0,F,D
AA,20070504,9:38:39,35,500,0,0,F,D
AA,20070504,9:38:43,35.01,100,0,0,@,T
AA,20070504,9:38:43,35.01,100,0,0,@,T
AA,20070504,9:38:43,35.01,100,0,0,@,T
AA,20070504,9:38:43,35.01,100,0,0,@,T
AA,20070504,9:38:43,35.01,200,0,0,@,D
AA,20070504,9:38:44,35,300,0,0,F,D
AA,20070504,9:38:45,35.01,100,0,0,@,T
AA,20070504,9:38:45,35.01,100,0,0,@,T
AA,20070504,9:38:49,35.01,100,0,0,@,T
AA,20070504,9:38:49,35.01,100,0,0,@,T
AA,20070504,9:38:49,35.01,600,0,0,@,T
AA,20070504,9:38:49,35.01,100,0,0,@,T
AA,20070504,9:38:49,35.01,100,0,0,@,T
AA,20070504,9:38:49,35.01,100,0,0,@,D
AA,20070504,9:38:51,35.02,300,0,0,E,N
AA,20070504,9:38:57,35.01,200,0,0,E,N
AA,20070504,9:39:07,35,1500,0,0,@,D
AA,20070504,9:39:07,35.02,300,0,0,@,D
AA,20070504,9:39:09,35.02,100,0,0,@,D
AA,20070504,9:39:09,35.02,100,0,0,@,D
AA,20070504,9:39:09,35.02,100,0,0,@,T
AA,20070504,9:39:09,35.02,100,0,0,E,P
AA,20070504,9:39:10,35.01,100,0,0,@,T
AA,20070504,9:39:10,35.02,900,0,0,E,N
AA,20070504,9:39:10,35.02,200,0,0,F,N
AA,20070504,9:39:11,35.0095,900,0,0,@,D
AA,20070504,9:39:13,35.01,100,0,0,@,D
AA,20070504,9:39:13,35.01,800,0,0,@,T
AA,20070504,9:39:13,35.01,100,0,0,E,P
AA,20070504,9:39:17,35.01,600,0,0,@,D
AA,20070504,9:39:19,35.01,100,0,0,@,T
AA,20070504,9:39:22,35.01,100,0,0,@,T
AA,20070504,9:39:26,35,1200,0,0,@,T
AA,20070504,9:39:26,35,800,0,0,E,N
AA,20070504,9:39:29,35,1100,0,0,@,T
AA,20070504,9:39:29,35,1900,0,0,@,T
AA,20070504,9:39:29,35.01,100,0,0,@,T
AA,20070504,9:39:30,35.01,100,0,0,@,T
AA,20070504,9:39:30,35.01,100,0,0,@,T
AA,20070504,9:39:30,35,500,0,0,F,D
AA,20070504,9:39:30,35.01,100,0,0,E,P
AA,20070504,9:39:30,35,100,0,0,@,D
AA,20070504,9:39:30,35,100,0,0,E,N
AA,20070504,9:39:31,35,100,0,0,F,D
AA,20070504,9:39:31,35,100,0,0,E,N
AA,20070504,9:39:34,34.98,1500,0,0,E,N
AA,20070504,9:39:35,34.975,200,0,0,@,D
AA,20070504,9:39:36,34.97,300,0,0,@,T
AA,20070504,9:39:36,34.97,100,0,0,@,T
AA,20070504,9:39:37,34.99,100,0,0,@,T
AA,20070504,9:39:37,34.99,100,0,0,@,T
AA,20070504,9:39:37,34.98,100,0,0,E,N
AA,20070504,9:39:37,34.99,200,0,0,E,N
AA,20070504,9:39:37,35,200,0,0,E,N
AA,20070504,9:39:37,34.99,100,0,0,E,P
AA,20070504,9:39:37,34.99,100,0,0,@,T
AA,20070504,9:39:37,34.99,100,0,0,@,T
AA,20070504,9:39:37,34.99,100,0,0,@,C
AA,20070504,9:39:37,34.99,100,0,0,E,P
AA,20070504,9:39:37,34.99,100,0,0,E,P
AA,20070504,9:39:37,34.98,100,0,0,E,N
AA,20070504,9:39:37,34.98,100,0,0,E,N
AA,20070504,9:39:37,34.99,100,0,0,E,N
AA,20070504,9:39:37,34.97,200,0,0,E,N
AA,20070504,9:39:37,34.97,100,0,0,@,C
AA,20070504,9:39:38,34.97,100,0,0,@,T
AA,20070504,9:39:38,34.97,100,0,0,@,T
AA,20070504,9:39:38,34.97,100,0,0,E,N
AA,20070504,9:39:38,34.96,100,0,0,E,N
AA,20070504,9:39:38,34.97,100,0,0,E,P
AA,20070504,9:39:38,34.97,100,0,0,E,N
AA,20070504,9:39:39,34.96,100,0,0,F,N
AA,20070504,9:39:40,34.965,1300,0,0,@,D
AA,20070504,9:39:43,34.97,900,0,0,E,N
AA,20070504,9:39:44,34.96,1100,0,0,@,N
AA,20070504,9:39:44,34.96,2800,0,0,@,D
AA,20070504,9:39:47,34.95,200,0,0,@,T
AA,20070504,9:39:50,34.95,200,0,0,@,T
AA,20070504,9:39:50,34.945,700,0,0,@,D
AA,20070504,9:39:51,34.94,600,0,0,E,N
AA,20070504,9:39:51,34.94,100,0,0,@,T
AA,20070504,9:39:51,34.94,100,0,0,@,T
AA,20070504,9:39:51,34.94,100,0,0,@,D
AA,20070504,9:39:52,34.94,100,0,0,E,N
AA,20070504,9:39:53,34.94,100,0,0,@,T
AA,20070504,9:39:53,34.94,100,0,0,E,N
AA,20070504,9:39:53,34.95,100,0,0,E,N
AA,20070504,9:39:53,34.95,100,0,0,E,N
AA,20070504,9:39:53,34.95,100,0,0,@,D
AA,20070504,9:39:54,34.95,100,0,0,E,N
AA,20070504,9:39:54,34.94,100,0,0,E,N
AA,20070504,9:39:55,34.94,200,0,0,E,N
AA,20070504,9:39:55,34.94,200,0,0,E,N
AA,20070504,9:39:55,34.95,100,0,0,E,N
AA,20070504,9:39:55,34.94,100,0,0,@,C
AA,20070504,9:39:56,34.94,100,0,0,E,N
AA,20070504,9:39:56,34.94,100,0,0,@,T
AA,20070504,9:39:56,34.94,100,0,0,E,N
AA,20070504,9:39:56,34.98,2100,0,0,@,D
AA,20070504,9:39:56,34.94,100,0,0,E,P
AA,20070504,9:39:59,34.94,800,0,0,@,D
AA,20070504,9:40:02,34.95,100,0,0,E,N
AA,20070504,9:40:02,34.95,300,0,0,E,N
AA,20070504,9:40:02,34.96,300,0,0,E,N
AA,20070504,9:40:02,34.95,100,0,0,@,C
AA,20070504,9:40:02,34.95,100,0,0,@,T
AA,20070504,9:40:02,34.95,100,0,0,@,T
AA,20070504,9:40:02,34.95,100,0,0,E,P
AA,20070504,9:40:02,34.94,100,0,0,@,D
AA,20070504,9:40:02,34.95,100,0,0,@,T
AA,20070504,9:40:02,34.95,100,0,0,@,T
AA,20070504,9:40:02,34.95,100,0,0,@,T
AA,20070504,9:40:02,34.95,100,0,0,@,T
AA,20070504,9:40:03,34.95,400,0,0,@,D
AA,20070504,9:40:03,34.95,100,0,0,E,P
AA,20070504,9:40:03,34.94,400,0,0,F,N
AA,20070504,9:40:04,34.94,100,0,0,E,N
AA,20070504,9:40:05,34.94,300,0,0,F,N
AA,20070504,9:40:05,34.94,300,0,0,E,N
AA,20070504,9:40:07,34.94,100,0,0,E,N
AA,20070504,9:40:07,34.94,500,0,0,E,N
AA,20070504,9:40:07,34.94,300,0,0,E,N
AA,20070504,9:40:08,34.95,500,0,0,@,D
AA,20070504,9:40:08,34.95,100,0,0,@,T
AA,20070504,9:40:08,34.94,600,0,0,E,N
AA,20070504,9:40:08,34.94,100,0,0,E,N
AA,20070504,9:40:08,34.94,100,0,0,E,N
AA,20070504,9:40:08,34.94,200,0,0,F,N
AA,20070504,9:40:08,34.94,300,0,0,@,T
AA,20070504,9:40:08,34.94,100,0,0,@,T
AA,20070504,9:40:08,34.94,400,0,0,@,T
AA,20070504,9:40:08,34.94,100,0,0,@,T
AA,20070504,9:40:08,34.95,700,0,0,F,N
AA,20070504,9:40:08,34.95,100,0,0,E,N
AA,20070504,9:40:09,34.95,100,0,0,E,N
AA,20070504,9:40:09,34.94,500,0,0,@,T
AA,20070504,9:40:09,34.94,100,0,0,@,T
AA,20070504,9:40:10,34.94,300,0,0,@,T
AA,20070504,9:40:10,34.95,300,0,0,@,T
AA,20070504,9:40:10,34.95,300,0,0,@,T
AA,20070504,9:40:10,34.95,100,0,0,@,T
AA,20070504,9:40:10,34.95,200,0,0,E,N
AA,20070504,9:40:10,34.96,500,0,0,E,N
AA,20070504,9:40:12,34.94,100,0,0,E,N
AA,20070504,9:40:12,34.94,100,0,0,E,P
AA,20070504,9:40:12,34.95,100,0,0,@,T
AA,20070504,9:40:12,34.95,100,0,0,@,T
AA,20070504,9:40:12,34.95,200,0,0,@,T
AA,20070504,9:40:12,34.95,500,0,0,@,D
AA,20070504,9:40:13,34.95,400,0,0,F,N
AA,20070504,9:40:13,34.96,400,0,0,E,N
AA,20070504,9:40:14,34.96,100,0,0,F,N
AA,20070504,9:40:16,34.96,200,0,0,E,N
AA,20070504,9:40:17,34.96,200,0,0,@,T
AA,20070504,9:40:17,34.96,100,0,0,@,T
AA,20070504,9:40:17,34.96,100,0,0,@,T
AA,20070504,9:40:17,34.96,200,0,0,@,T
AA,20070504,9:40:17,34.96,100,0,0,@,T
AA,20070504,9:40:17,34.97,200,0,0,E,N
AA,20070504,9:40:17,34.97,200,0,0,E,N
AA,20070504,9:40:17,34.97,100,0,0,E,N
AA,20070504,9:40:17,34.97,200,0,0,E,N
AA,20070504,9:40:17,34.97,500,0,0,@,D
AA,20070504,9:40:17,34.97,100,0,0,@,T
AA,20070504,9:40:17,34.97,1800,0,0,F,N
AA,20070504,9:40:18,34.96,100,0,0,F,N
AA,20070504,9:40:18,34.97,100,0,0,E,N
AA,20070504,9:40:18,34.97,300,0,0,F,N
AA,20070504,9:40:18,34.97,100,0,0,E,N
AA,20070504,9:40:18,34.97,100,0,0,E,N
AA,20070504,9:40:18,34.98,300,0,0,@,T
AA,20070504,9:40:18,34.98,200,0,0,@,T
AA,20070504,9:40:18,34.98,100,0,0,@,T
AA,20070504,9:40:18,34.97,100,0,0,E,N
AA,20070504,9:40:18,34.97,100,0,0,E,N
AA,20070504,9:40:18,34.97,300,0,0,E,N
AA,20070504,9:40:18,34.97,600,0,0,E,N
AA,20070504,9:40:18,34.97,100,0,0,E,N
AA,20070504,9:40:20,34.99,300,0,0,E,N
AA,20070504,9:40:23,34.99,300,0,0,@,T
AA,20070504,9:40:24,35,100,0,0,E,N
AA,20070504,9:40:24,35.01,100,0,0,@,T
AA,20070504,9:40:24,35.01,100,0,0,@,T
AA,20070504,9:40:24,35,300,0,0,E,N
AA,20070504,9:40:24,35.01,600,0,0,F,N
AA,20070504,9:40:25,35.02,200,0,0,F,N
AA,20070504,9:40:26,35.02,200,0,0,E,N
AA,20070504,9:40:26,35.03,200,0,0,F,N
AA,20070504,9:40:28,35.03,100,0,0,E,N
AA,20070504,9:40:28,35.04,200,0,0,E,N
AA,20070504,9:40:33,35.04,300,0,0,E,N
AA,20070504,9:40:34,35.04,300,0,0,@,T
AA,20070504,9:40:34,35.04,400,0,0,E,N
AA,20070504,9:40:34,35.04,100,0,0,@,T
AA,20070504,9:40:34,35.04,100,0,0,@,T
AA,20070504,9:40:34,35.05,300,0,0,@,T
AA,20070504,9:40:34,35.05,100,0,0,@,T
AA,20070504,9:40:34,35.05,100,0,0,@,T
AA,20070504,9:40:34,35.05,100,0,0,@,T
AA,20070504,9:40:34,35.04,500,0,0,E,N
AA,20070504,9:40:34,35.05,200,0,0,@,T
AA,20070504,9:40:34,35.05,100,0,0,@,T
AA,20070504,9:40:34,35.05,100,0,0,E,N
AA,20070504,9:40:35,35.05,100,0,0,E,N
AA,20070504,9:40:36,35.05,100,0,0,@,T
AA,20070504,9:40:36,35.05,200,0,0,@,T
AA,20070504,9:40:36,35.05,100,0,0,E,N
AA,20070504,9:40:36,35.05,300,0,0,E,N
AA,20070504,9:40:36,35.04,200,0,0,E,N
AA,20070504,9:40:37,35.05,100,0,0,E,P
AA,20070504,9:40:37,35.05,100,0,0,E,P
AA,20070504,9:40:37,35.05,200,0,0,E,N
AA,20070504,9:40:37,35.05,100,0,0,@,T
AA,20070504,9:40:43,35.04,100,0,0,E,N
AA,20070504,9:40:45,35.03,300,0,0,@,D
AA,20070504,9:40:45,35.03,100,0,0,@,T
AA,20070504,9:40:45,35.03,200,0,0,@,T
AA,20070504,9:40:45,35.03,100,0,0,@,T
AA,20070504,9:40:45,35.04,100,0,0,E,N
AA,20070504,9:40:45,35.03,100,0,0,@,T
AA,20070504,9:40:46,35.03,100,0,0,E,N
AA,20070504,9:40:47,35.02,100,0,0,@,T
AA,20070504,9:40:47,35.02,100,0,0,@,T
AA,20070504,9:40:47,35.02,100,0,0,E,P
AA,20070504,9:40:47,35.02,100,0,0,E,N
AA,20070504,9:40:48,35.01,200,0,0,E,N
AA,20070504,9:40:49,35,100,0,0,E,N
AA,20070504,9:40:49,35,400,0,0,E,N
AA,20070504,9:40:49,35,300,0,0,@,T
AA,20070504,9:40:49,34.99,100,0,0,@,T
AA,20070504,9:40:49,34.99,200,0,0,@,T
AA,20070504,9:40:50,34.99,100,0,0,@,T
AA,20070504,9:40:50,34.99,100,0,0,@,T
AA,20070504,9:40:50,34.99,100,0,0,@,T
AA,20070504,9:40:50,34.99,100,0,0,E,N
AA,20070504,9:40:51,34.98,100,0,0,@,T
AA,20070504,9:40:51,34.98,100,0,0,@,T
AA,20070504,9:40:51,34.98,100,0,0,E,N
AA,20070504,9:40:51,34.95,500,0,0,@,T
AA,20070504,9:40:51,34.95,100,0,0,@,T
AA,20070504,9:40:51,34.96,300,0,0,@,T
AA,20070504,9:40:51,34.98,700,0,0,E,N
AA,20070504,9:40:51,34.99,200,0,0,E,N
AA,20070504,9:40:51,34.96,100,0,0,@,T
AA,20070504,9:40:51,34.95,100,0,0,@,T
AA,20070504,9:40:51,34.95,100,0,0,@,T
AA,20070504,9:40:51,34.95,100,0,0,@,T
AA,20070504,9:40:51,34.95,100,0,0,@,T
AA,20070504,9:40:51,34.95,100,0,0,@,T
AA,20070504,9:40:51,34.95,100,0,0,E,P
AA,20070504,9:40:51,34.95,100,0,0,E,P
AA,20070504,9:40:52,34.96,100,0,0,E,P
AA,20070504,9:40:52,34.95,100,0,0,@,T
AA,20070504,9:40:52,34.95,100,0,0,E,N
AA,20070504,9:40:52,34.95,600,0,0,F,N
AA,20070504,9:40:52,34.95,300,0,0,@,T
AA,20070504,9:40:52,34.95,100,0,0,@,T
AA,20070504,9:40:52,34.95,100,0,0,@,D
AA,20070504,9:40:53,34.95,200,0,0,E,N
AA,20070504,9:40:53,34.95,1000,0,0,E,N
AA,20070504,9:40:53,34.95,100,0,0,E,N
AA,20070504,9:40:53,34.95,400,0,0,@,T
AA,20070504,9:40:53,34.95,100,0,0,@,T
AA,20070504,9:40:53,34.96,300,0,0,@,D
AA,20070504,9:40:53,34.94,100,0,0,@,T
AA,20070504,9:40:53,34.94,300,0,0,@,T
AA,20070504,9:40:53,34.95,600,0,0,E,N
AA,20070504,9:40:53,34.94,300,0,0,E,N
AA,20070504,9:40:54,34.94,100,0,0,E,P
AA,20070504,9:40:54,34.95,100,0,0,E,N
AA,20070504,9:40:54,34.95,600,0,0,E,N
AA,20070504,9:40:54,34.95,600,0,0,E,N
AA,20070504,9:40:54,34.95,100,0,0,E,N
AA,20070504,9:40:55,34.96,200,0,0,E,N
AA,20070504,9:40:56,34.96,100,0,0,@,T
AA,20070504,9:40:56,34.96,100,0,0,@,T
AA,20070504,9:40:56,34.96,300,0,0,E,N
AA,20070504,9:40:56,34.96,500,0,0,@,T
AA,20070504,9:40:58,34.97,100,0,0,F,N
AA,20070504,9:40:58,34.96,100,0,0,@,T
AA,20070504,9:40:58,34.96,100,0,0,@,T
AA,20070504,9:40:58,34.96,100,0,0,@,T
AA,20070504,9:41:00,34.95,700,0,0,E,N
AA,20070504,9:41:01,34.96,100,0,0,@,T
AA,20070504,9:41:01,34.96,100,0,0,E,N
AA,20070504,9:41:01,34.97,100,0,0,E,N
AA,20070504,9:41:01,34.96,100,0,0,E,P
AA,20070504,9:41:01,34.96,100,0,0,@,C
AA,20070504,9:41:01,34.96,100,0,0,@,C
AA,20070504,9:41:01,34.97,200,0,0,E,N
AA,20070504,9:41:02,34.96,100,0,0,@,T
AA,20070504,9:41:02,34.96,100,0,0,@,T
AA,20070504,9:41:02,34.97,100,0,0,E,N
AA,20070504,9:41:02,34.96,100,0,0,E,P
AA,20070504,9:41:02,34.96,100,0,0,E,N
AA,20070504,9:41:07,34.97,2500,0,0,@,D
AA,20070504,9:41:07,34.96,200,0,0,E,N
AA,20070504,9:41:12,34.96,500,0,0,E,N
AA,20070504,9:41:13,34.95,300,0,0,E,N
AA,20070504,9:41:17,34.95,600,0,0,E,N
AA,20070504,9:41:20,34.9495,1000,0,0,@,D
AA,20070504,9:41:22,34.95,200,0,0,E,N
AA,20070504,9:41:23,34.95,100,0,0,E,P
AA,20070504,9:41:23,34.95,300,0,0,E,N
AA,20070504,9:41:25,34.95,500,0,0,E,N
AA,20070504,9:41:25,34.95,300,0,0,F,N
AA,20070504,9:41:28,34.95,300,0,0,E,N
AA,20070504,9:41:30,34.95,200,0,0,E,N
AA,20070504,9:41:30,34.95,400,0,0,E,N
AA,20070504,9:41:33,34.95,100,0,0,E,N
AA,20070504,9:41:33,34.95,100,0,0,E,N
AA,20070504,9:41:34,34.96,100,0,0,@,T
AA,20070504,9:41:34,34.96,100,0,0,@,T
AA,20070504,9:41:34,34.96,100,0,0,@,T
AA,20070504,9:41:34,34.96,100,0,0,@,T
AA,20070504,9:41:34,34.95,100,0,0,@,T
AA,20070504,9:41:34,34.95,100,0,0,@,T
AA,20070504,9:41:34,34.95,300,0,0,E,N
AA,20070504,9:41:34,34.96,100,0,0,E,P
AA,20070504,9:41:34,34.96,300,0,0,E,P
AA,20070504,9:41:34,34.96,100,0,0,E,P
AA,20070504,9:41:34,34.96,400,0,0,E,N
AA,20070504,9:41:34,34.96,100,0,0,@,T
AA,20070504,9:41:34,34.95,100,0,0,@,T
AA,20070504,9:41:35,34.96,100,0,0,@,T
AA,20070504,9:41:35,34.96,400,0,0,E,N
AA,20070504,9:41:35,34.96,1000,0,0,E,N
AA,20070504,9:41:35,34.96,100,0,0,E,N
AA,20070504,9:41:36,34.96,1000,0,0,@,D
AA,20070504,9:41:36,34.96,400,0,0,E,N
AA,20070504,9:41:38,34.97,1200,0,0,E,N
AA,20070504,9:41:38,34.97,100,0,0,@,T
AA,20070504,9:41:38,34.97,100,0,0,@,T
AA,20070504,9:41:38,34.97,100,0,0,@,T
AA,20070504,9:41:38,34.97,100,0,0,@,C
AA,20070504,9:41:38,34.97,100,0,0,E,N
AA,20070504,9:41:39,34.97,300,0,0,E,N
AA,20070504,9:41:39,34.97,100,0,0,@,T
AA,20070504,9:41:39,34.97,100,0,0,@,T
AA,20070504,9:41:39,34.97,300,0,0,E,N
AA,20070504,9:41:41,34.99,200,0,0,F,N
AA,20070504,9:41:42,34.98,400,0,0,E,N
AA,20070504,9:41:45,34.99,100,0,0,@,T
AA,20070504,9:41:45,34.99,500,0,0,E,N
AA,20070504,9:41:45,34.99,200,0,0,F,N
AA,20070504,9:41:46,35,100,0,0,E,P
AA,20070504,9:41:46,35,200,0,0,F,N
AA,20070504,9:41:46,35,100,0,0,E,N
AA,20070504,9:41:46,35,100,0,0,E,N
AA,20070504,9:41:47,35,100,0,0,E,N
AA,20070504,9:41:48,34.9999,300,0,0,@,D
AA,20070504,9:41:48,35,100,0,0,E,N
AA,20070504,9:41:48,35,100,0,0,E,N
AA,20070504,9:41:50,35,400,0,0,E,N
AA,20070504,9:41:54,35,1000,0,0,E,N
AA,20070504,9:41:54,35,100,0,0,@,C
AA,20070504,9:41:54,35,900,0,0,@,T
AA,20070504,9:41:54,35,100,0,0,@,T
AA,20070504,9:41:54,35,100,0,0,@,T
AA,20070504,9:41:55,35.01,100,0,0,@,T
AA,20070504,9:41:55,35.01,100,0,0,E,P
AA,20070504,9:41:55,35.01,100,0,0,E,P
AA,20070504,9:41:55,35,300,0,0,E,N
AA,20070504,9:41:55,35,500,0,0,E,N
AA,20070504,9:41:55,35.01,100,0,0,@,T
AA,20070504,9:41:55,35,100,0,0,E,N
AA,20070504,9:41:57,35,400,0,0,E,N
AA,20070504,9:41:57,35.01,100,0,0,E,N
AA,20070504,9:41:58,35,100,0,0,@,T
AA,20070504,9:42:02,34.97,100,0,0,E,P
AA,20070504,9:42:03,34.97,100,0,0,E,N
AA,20070504,9:42:03,34.97,200,0,0,F,N
AA,20070504,9:42:06,34.97,100,0,0,@,D
AA,20070504,9:42:07,34.97,200,0,0,E,N
AA,20070504,9:42:07,34.96,500,0,0,@,D
AA,20070504,9:42:07,34.97,400,0,0,E,N
AA,20070504,9:42:09,34.97,500,0,0,@,D
AA,20070504,9:42:10,34.97,100,0,0,@,D
AA,20070504,9:42:10,34.97,300,0,0,@,T
AA,20070504,9:42:10,34.97,200,0,0,@,T
AA,20070504,9:42:10,34.97,100,0,0,E,N
AA,20070504,9:42:10,34.97,100,0,0,@,T
AA,20070504,9:42:10,34.97,100,0,0,@,T
AA,20070504,9:42:10,34.97,100,0,0,E,N
AA,20070504,9:42:11,34.97,100,0,0,@,T
AA,20070504,9:42:12,34.97,100,0,0,@,D
AA,20070504,9:42:13,34.97,100,0,0,@,T
AA,20070504,9:42:13,34.98,100,0,0,E,P
AA,20070504,9:42:13,34.98,400,0,0,E,N
AA,20070504,9:42:13,34.97,100,0,0,@,T
AA,20070504,9:42:13,34.97,100,0,0,E,N
AA,20070504,9:42:14,34.98,100,0,0,E,N
AA,20070504,9:42:14,34.98,100,0,0,@,T
AA,20070504,9:42:14,34.99,100,0,0,E,N
AA,20070504,9:42:15,34.99,100,0,0,@,T
AA,20070504,9:42:15,34.99,100,0,0,@,T
AA,20070504,9:42:15,34.99,100,0,0,@,T
AA,20070504,9:42:15,34.99,100,0,0,@,T
AA,20070504,9:42:15,34.98,100,0,0,E,N
AA,20070504,9:42:15,34.99,100,0,0,@,T
AA,20070504,9:42:15,34.99,800,0,0,E,N
AA,20070504,9:42:15,34.99,100,0,0,E,P
AA,20070504,9:42:16,34.98,200,0,0,E,N
AA,20070504,9:42:21,34.98,100,0,0,F,N
AA,20070504,9:42:23,34.98,600,0,0,E,N
AA,20070504,9:42:23,34.98,300,0,0,E,N
AA,20070504,9:42:23,34.99,100,0,0,E,N
AA,20070504,9:42:24,34.99,100,0,0,@,C
AA,20070504,9:42:24,34.99,100,0,0,@,T
AA,20070504,9:42:24,34.99,100,0,0,@,T
AA,20070504,9:42:24,34.99,100,0,0,@,T
AA,20070504,9:42:24,34.99,100,0,0,E,P
AA,20070504,9:42:24,34.99,100,0,0,E,P
AA,20070504,9:42:36,35,100,0,0,@,T
AA,20070504,9:42:37,35,200,0,0,F,N
AA,20070504,9:42:37,35,100,0,0,@,T
AA,20070504,9:42:37,35,100,0,0,@,T
AA,20070504,9:42:38,35,100,0,0,E,N
AA,20070504,9:42:38,35,100,0,0,E,N
AA,20070504,9:42:39,35,100,0,0,@,T
AA,20070504,9:42:40,35,200,0,0,E,N
AA,20070504,9:42:40,35,100,0,0,F,N
AA,20070504,9:42:40,35,400,0,0,F,N
AA,20070504,9:42:42,35,100,0,0,E,P
AA,20070504,9:42:43,35,400,0,0,E,N
AA,20070504,9:42:48,35,100,0,0,E,P
AA,20070504,9:42:48,35,500,0,0,E,N
AA,20070504,9:42:49,35,100,0,0,E,N
AA,20070504,9:42:49,35,100,0,0,E,N
AA,20070504,9:42:49,34.99,100,0,0,@,T
AA,20070504,9:42:49,34.99,400,0,0,E,N
AA,20070504,9:42:50,34.98,200,0,0,@,D
AA,20070504,9:42:51,34.99,100,0,0,@,T
AA,20070504,9:42:51,34.99,100,0,0,@,T
AA,20070504,9:42:51,34.99,400,0,0,@,T
AA,20070504,9:42:52,34.98,200,0,0,E,N
AA,20070504,9:42:52,34.99,100,0,0,E,P
AA,20070504,9:42:52,34.99,100,0,0,E,P
AA,20070504,9:42:52,34.99,100,0,0,E,P
AA,20070504,9:42:52,34.99,100,0,0,E,P
AA,20070504,9:42:52,34.99,100,0,0,E,P
AA,20070504,9:42:58,34.97,100,0,0,@,T
AA,20070504,9:42:58,34.97,100,0,0,@,T
AA,20070504,9:42:58,34.98,700,0,0,E,N
AA,20070504,9:42:59,34.98,200,0,0,E,N
AA,20070504,9:43:02,34.97,1000,0,0,F,N
AA,20070504,9:43:02,34.96,100,0,0,@,T
AA,20070504,9:43:02,34.96,200,0,0,E,N
AA,20070504,9:43:04,34.95,100,0,0,@,T
AA,20070504,9:43:04,34.95,100,0,0,E,P
AA,20070504,9:43:05,34.95,200,0,0,E,N
AA,20070504,9:43:05,34.95,300,0,0,E,N
AA,20070504,9:43:05,34.95,100,0,0,F,N
AA,20070504,9:43:06,34.96,600,0,0,F,N
AA,20070504,9:43:06,34.97,100,0,0,@,T
AA,20070504,9:43:06,34.97,100,0,0,@,T
AA,20070504,9:43:06,34.97,100,0,0,@,T
AA,20070504,9:43:06,34.96,100,0,0,@,T
AA,20070504,9:43:06,34.95,200,0,0,F,N
AA,20070504,9:43:06,34.95,100,0,0,E,N
AA,20070504,9:43:06,34.95,600,0,0,E,N
AA,20070504,9:43:06,34.95,100,0,0,E,N
AA,20070504,9:43:06,34.95,100,0,0,E,N
AA,20070504,9:43:07,34.95,1000,0,0,E,N
AA,20070504,9:43:08,34.95,1200,0,0,E,N
AA,20070504,9:43:08,34.95,100,0,0,@,C
AA,20070504,9:43:09,34.95,300,0,0,E,N
AA,20070504,9:43:10,34.95,400,0,0,E,N
AA,20070504,9:43:10,34.96,600,0,0,E,N
AA,20070504,9:43:11,34.96,100,0,0,E,P
AA,20070504,9:43:11,34.96,100,0,0,E,P
AA,20070504,9:43:11,34.96,100,0,0,@,T
AA,20070504,9:43:11,34.96,100,0,0,@,T
AA,20070504,9:43:11,34.96,100,0,0,@,T
AA,20070504,9:43:11,34.96,100,0,0,@,T
AA,20070504,9:43:11,34.96,200,0,0,@,T
AA,20070504,9:43:11,34.98,100,0,0,@,T
AA,20070504,9:43:11,34.95,100,0,0,E,N
AA,20070504,9:43:11,34.95,100,0,0,E,N
AA,20070504,9:43:11,34.95,200,0,0,E,N
AA,20070504,9:43:11,34.97,100,0,0,E,N
AA,20070504,9:43:12,34.96,200,0,0,E,N
AA,20070504,9:43:16,34.97,700,0,0,E,N
AA,20070504,9:43:16,34.97,100,0,0,E,N
AA,20070504,9:43:16,34.97,500,0,0,E,N
AA,20070504,9:43:21,34.98,400,0,0,E,N
AA,20070504,9:43:23,34.98,100,0,0,@,N
AA,20070504,9:43:23,34.98,100,0,0,@,T
AA,20070504,9:43:23,34.98,100,0,0,@,C
AA,20070504,9:43:23,34.98,100,0,0,@,C
AA,20070504,9:43:24,34.98,400,0,0,E,N
AA,20070504,9:43:36,34.99,200,0,0,E,N
AA,20070504,9:43:36,34.98,100,0,0,@,T
AA,20070504,9:43:36,34.98,100,0,0,@,T
AA,20070504,9:43:37,34.98,100,0,0,@,T
AA,20070504,9:43:37,34.98,800,0,0,@,T
AA,20070504,9:43:38,34.98,100,0,0,E,N
AA,20070504,9:43:40,34.97,800,0,0,E,N
AA,20070504,9:43:43,34.97,900,0,0,E,N
AA,20070504,9:43:52,34.975,400,0,0,@,D
AA,20070504,9:43:55,34.98,200,0,0,@,T
AA,20070504,9:43:55,34.98,100,0,0,@,T
AA,20070504,9:43:55,34.98,100,0,0,@,T
AA,20070504,9:43:55,34.98,800,0,0,E,N
AA,20070504,9:43:55,34.98,300,0,0,E,N
AA,20070504,9:43:55,34.98,600,0,0,E,N
AA,20070504,9:43:55,34.99,100,0,0,@,T
AA,20070504,9:43:55,34.99,100,0,0,@,T
AA,20070504,9:43:55,34.99,100,0,0,@,T
AA,20070504,9:43:56,34.98,100,0,0,F,P
AA,20070504,9:43:56,34.99,300,0,0,E,N
AA,20070504,9:43:56,34.99,100,0,0,F,N
AA,20070504,9:43:57,34.99,100,0,0,E,N
AA,20070504,9:43:57,34.99,100,0,0,@,T
AA,20070504,9:43:57,34.99,100,0,0,@,T
AA,20070504,9:43:57,34.99,700,0,0,E,N
AA,20070504,9:43:57,34.99,200,0,0,E,N
AA,20070504,9:43:57,34.99,100,0,0,E,N
AA,20070504,9:43:58,34.99,100,0,0,E,N
AA,20070504,9:43:58,34.99,100,0,0,E,N
AA,20070504,9:43:58,34.99,700,0,0,E,N
AA,20070504,9:43:59,34.99,700,0,0,E,N
AA,20070504,9:43:59,34.99,300,0,0,E,N
AA,20070504,9:43:59,34.99,500,0,0,E,N
AA,20070504,9:44:01,35,100,0,0,@,T
AA,20070504,9:44:01,35,100,0,0,@,T
AA,20070504,9:44:01,35,100,0,0,@,T
AA,20070504,9:44:01,35,1700,0,0,F,N
AA,20070504,9:44:02,35,700,0,0,F,N
AA,20070504,9:44:02,35.01,100,0,0,F,N
AA,20070504,9:44:05,35.01,100,0,0,E,N
AA,20070504,9:44:05,35.01,100,0,0,@,T
AA,20070504,9:44:05,35.01,100,0,0,@,T
AA,20070504,9:44:06,35.01,100,0,0,E,N
AA,20070504,9:44:06,35.02,100,0,0,@,T
AA,20070504,9:44:06,35.02,200,0,0,F,N
AA,20070504,9:44:07,35.03,100,0,0,E,N
AA,20070504,9:44:08,35.03,300,0,0,E,P
AA,20070504,9:44:10,35.04,500,0,0,E,N
AA,20070504,9:44:10,35.03,400,0,0,E,N
AA,20070504,9:44:10,35.04,100,0,0,@,T
AA,20070504,9:44:10,35.04,100,0,0,E,P
AA,20070504,9:44:10,35.041,200,0,0,@,D
AA,20070504,9:44:10,35.04,900,0,0,@,T
AA,20070504,9:44:10,35.04,100,0,0,E,N
AA,20070504,9:44:10,35.03,200,0,0,E,N
AA,20070504,9:44:11,35.04,100,0,0,@,T
AA,20070504,9:44:11,35.04,100,0,0,@,T
AA,20070504,9:44:13,35.04,100,0,0,@,T
AA,20070504,9:44:15,35.05,100,0,0,E,P
AA,20070504,9:44:15,35.05,100,0,0,E,P
AA,20070504,9:44:15,35.05,100,0,0,E,P
AA,20070504,9:44:16,35.05,100,0,0,F,C
AA,20070504,9:44:16,35.05,300,0,0,F,N
AA,20070504,9:44:18,35.06,300,0,0,E,N
AA,20070504,9:44:18,35.06,800,0,0,E,N
AA,20070504,9:44:21,35.06,300,0,0,E,N
AA,20070504,9:44:24,35.06,600,0,0,E,N
AA,20070504,9:44:24,35.07,200,0,0,E,N
AA,20070504,9:44:24,35.06,200,0,0,E,N
AA,20070504,9:44:24,35.06,100,0,0,E,N
AA,20070504,9:44:24,35.06,100,0,0,E,N
AA,20070504,9:44:24,35.06,200,0,0,E,N
AA,20070504,9:44:24,35.06,100,0,0,E,N
AA,20070504,9:44:24,35.06,300,0,0,E,N
AA,20070504,9:44:24,35.06,100,0,0,E,N
AA,20070504,9:44:24,35.06,200,0,0,E,N
AA,20070504,9:44:24,35.06,300,0,0,E,P
AA,20070504,9:44:26,35.07,100,0,0,E,N
AA,20070504,9:44:27,35.07,500,0,0,E,N
AA,20070504,9:44:28,35.08,900,0,0,E,N
AA,20070504,9:44:28,35.08,100,0,0,@,C
AA,20070504,9:44:29,35.07,100,0,0,@,T
AA,20070504,9:44:29,35.07,100,0,0,E,P
AA,20070504,9:44:30,35.07,200,0,0,E,N
AA,20070504,9:44:31,35.07,100,0,0,E,N
AA,20070504,9:44:32,35.07,100,0,0,@,T
AA,20070504,9:44:32,35.07,100,0,0,@,T
AA,20070504,9:44:32,35.07,700,0,0,@,T
AA,20070504,9:44:33,35.08,100,0,0,@,T
AA,20070504,9:44:33,35.08,100,0,0,@,T
AA,20070504,9:44:34,35.08,500,0,0,E,N
AA,20070504,9:44:34,35.08,100,0,0,@,T
AA,20070504,9:44:34,35.08,400,0,0,E,N
AA,20070504,9:44:34,35.08,200,0,0,E,N
AA,20070504,9:44:35,35.08,200,0,0,E,N
AA,20070504,9:44:37,35.09,100,0,0,E,N
AA,20070504,9:44:39,35.09,800,0,0,E,N
AA,20070504,9:44:40,35.1,1000,0,0,F,D
AA,20070504,9:44:40,35.1,700,0,0,@,N
AA,20070504,9:44:40,35.1,100,0,0,E,P
AA,20070504,9:44:40,35.09,100,0,0,@,T
AA,20070504,9:44:40,35.1,100,0,0,@,T
AA,20070504,9:44:40,35.1,100,0,0,@,T
AA,20070504,9:44:40,35.1,100,0,0,@,T
AA,20070504,9:44:40,35.1,100,0,0,@,T
AA,20070504,9:44:40,35.1,100,0,0,@,T
AA,20070504,9:44:40,35.1,200,0,0,@,C
AA,20070504,9:44:40,35.1,100,0,0,@,C
AA,20070504,9:44:40,35.1,1000,0,0,@,C
AA,20070504,9:44:40,35.1,300,0,0,E,P
AA,20070504,9:44:40,35.1,400,0,0,E,P
AA,20070504,9:44:40,35.1,100,0,0,E,P
AA,20070504,9:44:40,35.1,100,0,0,@,C
AA,20070504,9:44:41,35.09,800,0,0,@,T
AA,20070504,9:44:42,35.09,1300,0,0,@,N
AA,20070504,9:44:49,35.09,100,0,0,E,N
AA,20070504,9:45:01,35.09,300,0,0,F,N
AA,20070504,9:45:02,35.09,600,0,0,E,N
AA,20070504,9:45:02,35.08,700,0,0,E,N
AA,20070504,9:45:03,35.08,100,0,0,@,T
AA,20070504,9:45:03,35.08,100,0,0,@,T
AA,20070504,9:45:03,35.08,100,0,0,@,T
AA,20070504,9:45:03,35.08,100,0,0,@,T
AA,20070504,9:45:03,35.08,200,0,0,@,T
AA,20070504,9:45:03,35.08,100,0,0,@,T
AA,20070504,9:45:03,35.08,500,0,0,E,N
AA,20070504,9:45:04,35.06,400,0,0,E,N
AA,20070504,9:45:04,35.06,100,0,0,E,P
AA,20070504,9:45:04,35.06,100,0,0,E,P
AA,20070504,9:45:05,35.06,100,0,0,E,P
AA,20070504,9:45:06,35.07,100,0,0,@,D
AA,20070504,9:45:07,35.04,100,0,0,@,T
AA,20070504,9:45:07,35.04,100,0,0,@,T
AA,20070504,9:45:07,35.05,100,0,0,E,N
AA,20070504,9:45:09,35.03,100,0,0,E,N
AA,20070504,9:45:09,35.03,100,0,0,E,N
AA,20070504,9:45:09,35.03,100,0,0,@,T
AA,20070504,9:45:09,35.03,100,0,0,@,T
AA,20070504,9:45:10,35.03,500,0,0,E,N
AA,20070504,9:45:10,35.02,800,0,0,@,T
AA,20070504,9:45:10,35.02,100,0,0,@,T
AA,20070504,9:45:11,35.02,800,0,0,E,N
AA,20070504,9:45:11,35.02,100,0,0,@,T
AA,20070504,9:45:11,35.02,100,0,0,@,T
AA,20070504,9:45:11,35.02,100,0,0,@,T
AA,20070504,9:45:14,35.02,200,0,0,E,N
AA,20070504,9:45:26,35.01,100,0,0,@,T
AA,20070504,9:45:26,35.01,100,0,0,@,T
AA,20070504,9:45:26,35.01,200,0,0,E,P
AA,20070504,9:45:26,35.01,100,0,0,E,P
AA,20070504,9:45:26,35.02,300,0,0,E,N
AA,20070504,9:45:26,35.01,100,0,0,E,N
AA,20070504,9:45:27,35.02,100,0,0,E,P
AA,20070504,9:45:27,35.02,100,0,0,@,T
AA,20070504,9:45:27,35.03,100,0,0,@,T
AA,20070504,9:45:27,35.03,100,0,0,@,T
AA,20070504,9:45:27,35.02,100,0,0,E,N
AA,20070504,9:45:27,35.02,100,0,0,E,N
AA,20070504,9:45:30,35.01,200,0,0,E,N
AA,20070504,9:45:31,35.02,100,0,0,E,N
AA,20070504,9:45:33,35.02,300,0,0,F,N
AA,20070504,9:45:34,35.02,100,0,0,E,N
AA,20070504,9:45:35,35.01,100,0,0,E,N
AA,20070504,9:45:48,35.01,200,0,0,E,N
AA,20070504,9:45:49,35.01,200,0,0,E,N
AA,20070504,9:45:50,35,100,0,0,E,N
AA,20070504,9:45:50,35,100,0,0,E,N
AA,20070504,9:45:50,35.01,200,0,0,E,N
AA,20070504,9:45:52,35,500,0,0,F,N
AA,20070504,9:45:52,35,200,0,0,E,N
AA,20070504,9:45:53,35,300,0,0,E,N
AA,20070504,9:45:53,35,100,0,0,E,N
AA,20070504,9:45:55,34.99,200,0,0,E,N
AA,20070504,9:45:55,34.99,1000,0,0,E,N
AA,20070504,9:46:01,34.99,300,0,0,E,N
AA,20070504,9:46:04,34.99,100,0,0,E,N
AA,20070504,9:46:04,34.99,100,0,0,E,N
AA,20070504,9:46:07,34.99,100,0,0,E,N
AA,20070504,9:46:07,34.99,100,0,0,E,N
AA,20070504,9:46:08,34.99,1000,0,0,E,N
AA,20070504,9:46:11,35,1200,0,0,F,N
AA,20070504,9:46:12,35,1000,0,0,@,D
AA,20070504,9:46:16,35,100,0,0,@,T
AA,20070504,9:46:17,35,100,0,0,@,T
AA,20070504,9:46:17,35,100,0,0,@,D
AA,20070504,9:46:17,35,100,0,0,E,P
AA,20070504,9:46:17,35,100,0,0,@,T
AA,20070504,9:46:18,35,100,0,0,@,T
AA,20070504,9:46:20,35,100,0,0,@,T
AA,20070504,9:46:20,35,100,0,0,@,T
AA,20070504,9:46:21,35,100,0,0,@,T
AA,20070504,9:46:21,35,800,0,0,E,N
AA,20070504,9:46:27,35,100,0,0,@,T
AA,20070504,9:46:27,35,100,0,0,E,N
AA,20070504,9:46:27,35,100,0,0,E,N
AA,20070504,9:46:27,35,1300,0,0,E,N
AA,20070504,9:46:27,35.01,200,0,0,E,N
AA,20070504,9:46:27,35.02,1000,0,0,E,N
AA,20070504,9:46:27,35.03,1200,0,0,E,N
AA,20070504,9:46:27,35.04,400,0,0,E,N
AA,20070504,9:46:27,35.05,1800,0,0,E,N
AA,20070504,9:46:27,35.06,1600,0,0,E,N
AA,20070504,9:46:27,35.07,1900,0,0,E,N
AA,20070504,9:46:27,35.08,2500,0,0,E,N
AA,20070504,9:46:27,35.01,100,0,0,@,T
AA,20070504,9:46:27,35.03,100,0,0,@,T
AA,20070504,9:46:27,35.03,100,0,0,@,T
AA,20070504,9:46:28,35.04,100,0,0,@,T
AA,20070504,9:46:28,35.05,100,0,0,@,T
AA,20070504,9:46:28,35.05,100,0,0,@,T
AA,20070504,9:46:28,35.05,900,0,0,@,T
AA,20070504,9:46:28,35.04,100,0,0,@,T
AA,20070504,9:46:28,35.04,100,0,0,@,T
AA,20070504,9:46:28,35.05,700,0,0,@,T
AA,20070504,9:46:28,35.05,100,0,0,@,T
AA,20070504,9:46:28,35.06,100,0,0,@,T
AA,20070504,9:46:28,35.06,100,0,0,@,T
AA,20070504,9:46:28,35.06,100,0,0,@,T
AA,20070504,9:46:28,35.07,200,0,0,@,T
AA,20070504,9:46:28,35.07,100,0,0,@,T
AA,20070504,9:46:28,35.07,100,0,0,@,T
AA,20070504,9:46:28,35.07,100,0,0,@,T
AA,20070504,9:46:28,35.05,100,0,0,E,P
AA,20070504,9:46:28,35.07,100,0,0,@,T
AA,20070504,9:46:28,35.07,500,0,0,@,T
AA,20070504,9:46:28,35.06,100,0,0,@,T
AA,20070504,9:46:28,35.06,100,0,0,@,T
AA,20070504,9:46:28,35.06,200,0,0,@,T
AA,20070504,9:46:28,35.06,100,0,0,@,T
AA,20070504,9:46:28,35.05,100,0,0,F,P
AA,20070504,9:46:28,35.06,100,0,0,@,T
AA,20070504,9:46:28,35.06,100,0,0,@,T
AA,20070504,9:46:28,35.05,100,0,0,@,T
AA,20070504,9:46:28,35.05,100,0,0,@,T
AA,20070504,9:46:28,35.05,100,0,0,@,T
AA,20070504,9:46:28,35.05,100,0,0,@,T
AA,20070504,9:46:28,35.05,100,0,0,@,T
AA,20070504,9:46:28,35.04,100,0,0,@,T
AA,20070504,9:46:28,35.01,100,0,0,E,N
AA,20070504,9:46:28,35.01,200,0,0,E,N
AA,20070504,9:46:28,35.01,100,0,0,E,N
AA,20070504,9:46:28,35.03,100,0,0,E,N
AA,20070504,9:46:28,35.02,100,0,0,@,T
AA,20070504,9:46:28,35.02,100,0,0,@,T
AA,20070504,9:46:28,35.02,100,0,0,E,N
AA,20070504,9:46:28,35.02,100,0,0,E,N
AA,20070504,9:46:28,35.01,100,0,0,@,T
AA,20070504,9:46:28,35.01,100,0,0,@,T
AA,20070504,9:46:28,35.01,100,0,0,@,T
AA,20070504,9:46:28,35.01,800,0,0,@,T
AA,20070504,9:46:28,35.01,100,0,0,@,T
AA,20070504,9:46:28,35.02,100,0,0,@,T
AA,20070504,9:46:28,35.02,1200,0,0,E,N
AA,20070504,9:46:29,35,100,0,0,E,N
AA,20070504,9:46:29,35.02,100,0,0,@,T
AA,20070504,9:46:29,35.02,100,0,0,@,T
AA,20070504,9:46:29,35.02,100,0,0,E,P
AA,20070504,9:46:29,35.03,100,0,0,@,T
AA,20070504,9:46:29,35.04,100,0,0,@,T
AA,20070504,9:46:29,35.03,100,0,0,@,T
AA,20070504,9:46:29,35.03,200,0,0,E,N
AA,20070504,9:46:29,35.03,100,0,0,E,N
AA,20070504,9:46:29,35.03,100,0,0,E,N
AA,20070504,9:46:29,35.01,100,0,0,E,N
AA,20070504,9:46:29,35.03,200,0,0,E,P
AA,20070504,9:46:30,35.05,100,0,0,@,T
AA,20070504,9:46:30,35.05,100,0,0,@,T
AA,20070504,9:46:30,35.05,100,0,0,@,T
AA,20070504,9:46:30,35.05,100,0,0,E,P
AA,20070504,9:46:30,35.05,100,0,0,E,P
AA,20070504,9:46:30,35.05,100,0,0,E,P
AA,20070504,9:46:30,35.05,400,0,0,E,N
AA,20070504,9:46:30,35.05,200,0,0,E,N
AA,20070504,9:46:31,35.06,2000,0,0,E,N
AA,20070504,9:46:31,35.06,200,0,0,E,N
AA,20070504,9:46:31,35.07,100,0,0,@,T
AA,20070504,9:46:31,35.07,100,0,0,@,T
AA,20070504,9:46:31,35.06,100,0,0,E,N
AA,20070504,9:46:31,35.07,100,0,0,@,T
AA,20070504,9:46:31,35.06,400,0,0,E,N
AA,20070504,9:46:31,35.07,100,0,0,E,P
AA,20070504,9:46:32,35.08,100,0,0,E,P
AA,20070504,9:46:32,35.08,1000,0,0,E,N
AA,20070504,9:46:32,35.05,100,0,0,@,D
AA,20070504,9:46:32,35.09,100,0,0,@,T
AA,20070504,9:46:32,35.09,700,0,0,@,T
AA,20070504,9:46:32,35.09,100,0,0,@,T
AA,20070504,9:46:32,35.09,100,0,0,@,T
AA,20070504,9:46:32,35.08,100,0,0,@,T
AA,20070504,9:46:32,35.08,100,0,0,E,P
AA,20070504,9:46:32,35.08,100,0,0,E,N
AA,20070504,9:46:32,35.09,100,0,0,@,T
AA,20070504,9:46:32,35.09,100,0,0,@,T
AA,20070504,9:46:32,35.09,100,0,0,@,T
AA,20070504,9:46:33,35.09,1200,0,0,E,N
AA,20070504,9:46:33,35.08,100,0,0,E,N
AA,20070504,9:46:33,35.07,100,0,0,E,N
AA,20070504,9:46:33,35.08,100,0,0,@,T
AA,20070504,9:46:33,35.08,100,0,0,@,T
AA,20070504,9:46:33,35.06,200,0,0,E,N
AA,20070504,9:46:33,35.08,100,0,0,@,T
AA,20070504,9:46:33,35.08,100,0,0,@,T
AA,20070504,9:46:33,35.08,100,0,0,@,C
AA,20070504,9:46:33,35.07,100,0,0,E,P
AA,20070504,9:46:33,35.07,100,0,0,E,P
AA,20070504,9:46:33,35.07,100,0,0,E,P
AA,20070504,9:46:33,35.09,100,0,0,@,T
AA,20070504,9:46:33,35.09,100,0,0,E,P
AA,20070504,9:46:33,35.09,100,0,0,E,N
AA,20070504,9:46:33,35.08,100,0,0,@,T
AA,20070504,9:46:33,35.08,100,0,0,@,T
AA,20070504,9:46:34,35.09,100,0,0,@,T
AA,20070504,9:46:34,35.09,100,0,0,@,T
AA,20070504,9:46:34,35.07,100,0,0,E,P
AA,20070504,9:46:34,35.09,100,0,0,E,N
AA,20070504,9:46:34,35.09,100,0,0,@,T
AA,20070504,9:46:34,35.09,100,0,0,E,P
AA,20070504,9:46:34,35.09,100,0,0,@,T
AA,20070504,9:46:35,35.08,100,0,0,@,T
AA,20070504,9:46:35,35.07,100,0,0,@,T
AA,20070504,9:46:35,35.08,100,0,0,E,P
AA,20070504,9:46:35,35.08,100,0,0,E,N
AA,20070504,9:46:35,35.07,700,0,0,@,T
AA,20070504,9:46:35,35.07,100,0,0,@,T
AA,20070504,9:46:36,35.08,100,0,0,E,N
AA,20070504,9:46:36,35.06,300,0,0,E,N
AA,20070504,9:46:36,35.07,100,0,0,@,C
AA,20070504,9:46:36,35.07,100,0,0,E,N
AA,20070504,9:46:37,35.07,100,0,0,@,T
AA,20070504,9:46:38,35.07,100,0,0,@,T
AA,20070504,9:46:39,35.08,1100,0,0,E,N
AA,20070504,9:46:39,35.07,100,0,0,@,T
AA,20070504,9:46:39,35.07,100,0,0,@,T
AA,20070504,9:46:40,35.07,100,0,0,E,P
AA,20070504,9:46:40,35.08,100,0,0,E,P
AA,20070504,9:46:41,35.07,100,0,0,E,N
AA,20070504,9:46:41,35.08,100,0,0,@,T
AA,20070504,9:46:45,35.08,100,0,0,@,T
AA,20070504,9:46:45,35.08,100,0,0,@,T
AA,20070504,9:46:53,35.09,100,0,0,@,T
AA,20070504,9:46:54,35.09,100,0,0,@,T
AA,20070504,9:46:54,35.09,100,0,0,E,P
AA,20070504,9:46:54,35.09,1100,0,0,E,N
AA,20070504,9:46:55,35.08,100,0,0,@,T
AA,20070504,9:46:55,35.08,100,0,0,@,T
AA,20070504,9:46:55,35.08,200,0,0,E,N
AA,20070504,9:46:57,35.08,400,0,0,E,N
AA,20070504,9:47:02,35.08,100,0,0,@,D
AA,20070504,9:47:02,35.09,400,0,0,E,N
AA,20070504,9:47:02,35.09,100,0,0,E,N
AA,20070504,9:47:06,35.09,100,0,0,E,N
AA,20070504,9:47:06,35.08,400,0,0,@,T
AA,20070504,9:47:16,35.061,100,0,0,@,D
AA,20070504,9:47:18,35.08,100,0,0,@,T
AA,20070504,9:47:18,35.0601,100,0,0,@,D
AA,20070504,9:47:18,35.08,100,0,0,E,P
AA,20070504,9:47:19,35.08,1300,0,0,F,N
AA,20070504,9:47:19,35.09,700,0,0,F,N
AA,20070504,9:47:20,35.08,300,0,0,F,N
AA,20070504,9:47:20,35.07,100,0,0,@,T
AA,20070504,9:47:20,35.08,100,0,0,@,T
AA,20070504,9:47:20,35.08,100,0,0,@,T
AA,20070504,9:47:20,35.08,100,0,0,@,T
AA,20070504,9:47:20,35.08,100,0,0,@,T
AA,20070504,9:47:21,35.07,100,0,0,F,N
AA,20070504,9:47:21,35.08,100,0,0,F,N
AA,20070504,9:47:21,35.08,300,0,0,E,N
AA,20070504,9:47:22,35.07,100,0,0,@,T
AA,20070504,9:47:25,35.09,1100,0,0,@,D
AA,20070504,9:47:29,35.08,100,0,0,@,T
AA,20070504,9:47:30,35.08,400,0,0,@,T
AA,20070504,9:47:30,35.08,200,0,0,@,T
AA,20070504,9:47:32,35.08,100,0,0,E,N
AA,20070504,9:47:32,35.08,1000,0,0,@,D
AA,20070504,9:47:32,35.09,100,0,0,@,T
AA,20070504,9:47:32,35.09,300,0,0,@,T
AA,20070504,9:47:32,35.09,100,0,0,@,T
AA,20070504,9:47:32,35.09,100,0,0,@,T
AA,20070504,9:47:32,35.09,100,0,0,@,T
AA,20070504,9:47:32,35.09,100,0,0,@,T
AA,20070504,9:47:32,35.09,400,0,0,@,T
AA,20070504,9:47:32,35.09,400,0,0,@,T
AA,20070504,9:47:32,35.09,100,0,0,E,P
AA,20070504,9:47:32,35.09,100,0,0,E,P
AA,20070504,9:47:32,35.09,100,0,0,E,P
AA,20070504,9:47:32,35.09,100,0,0,E,P
AA,20070504,9:47:32,35.09,100,0,0,E,P
AA,20070504,9:47:32,35.09,100,0,0,E,P
AA,20070504,9:47:32,35.1,100,0,0,E,P
AA,20070504,9:47:32,35.1,100,0,0,E,P
AA,20070504,9:47:32,35.1,100,0,0,E,P
AA,20070504,9:47:33,35.1,100,0,0,E,P
AA,20070504,9:47:33,35.1,100,0,0,E,P
AA,20070504,9:47:33,35.1,100,0,0,E,P
AA,20070504,9:47:33,35.1,100,0,0,E,P
AA,20070504,9:47:33,35.1,200,0,0,E,P
AA,20070504,9:47:33,35.1,300,0,0,E,P
AA,20070504,9:47:33,35.1,100,0,0,@,T
AA,20070504,9:47:33,35.1,100,0,0,@,T
AA,20070504,9:47:33,35.1,100,0,0,@,T
AA,20070504,9:47:33,35.1,100,0,0,@,T
AA,20070504,9:47:33,35.1,100,0,0,@,T
AA,20070504,9:47:33,35.1,100,0,0,@,T
AA,20070504,9:47:33,35.08,600,0,0,E,N
AA,20070504,9:47:33,35.09,600,0,0,E,N
AA,20070504,9:47:33,35.1,100,0,0,@,T
AA,20070504,9:47:33,35.1,200,0,0,E,P
AA,20070504,9:47:33,35.09,100,0,0,E,N
AA,20070504,9:47:33,35.1,100,0,0,@,T
AA,20070504,9:47:33,35.09,100,0,0,E,N
AA,20070504,9:47:33,35.09,100,0,0,E,N
AA,20070504,9:47:33,35.11,100,0,0,@,T
AA,20070504,9:47:33,35.11,100,0,0,@,T
AA,20070504,9:47:33,35.1,100,0,0,@,T
AA,20070504,9:47:33,35.1,100,0,0,@,T
AA,20070504,9:47:34,35.1,100,0,0,@,T
AA,20070504,9:47:34,35.1,100,0,0,E,P
AA,20070504,9:47:34,35.1,100,0,0,E,P
AA,20070504,9:47:34,35.1,300,0,0,E,P
AA,20070504,9:47:34,35.1,100,0,0,E,P
AA,20070504,9:47:34,35.1,100,0,0,E,P
AA,20070504,9:47:34,35.1,100,0,0,E,N
AA,20070504,9:47:34,35.1,100,0,0,E,N
AA,20070504,9:47:34,35.1,100,0,0,E,N
AA,20070504,9:47:34,35.1,200,0,0,E,P
AA,20070504,9:47:34,35.09,400,0,0,E,N
AA,20070504,9:47:34,35.1,200,0,0,E,P
AA,20070504,9:47:34,35.11,100,0,0,@,T
AA,20070504,9:47:34,35.11,100,0,0,@,T
AA,20070504,9:47:34,35.11,100,0,0,F,N
AA,20070504,9:47:35,35.1,300,0,0,E,P
AA,20070504,9:47:35,35.1,300,0,0,E,P
AA,20070504,9:47:35,35.1,300,0,0,E,P
AA,20070504,9:47:35,35.1,100,0,0,E,P
AA,20070504,9:47:35,35.1,200,0,0,E,P
AA,20070504,9:47:35,35.1,100,0,0,E,P
AA,20070504,9:47:36,35.1,100,0,0,E,P
AA,20070504,9:47:38,35.11,100,0,0,@,T
AA,20070504,9:47:38,35.11,100,0,0,@,T
AA,20070504,9:47:38,35.11,100,0,0,@,T
AA,20070504,9:47:38,35.11,600,0,0,F,N
AA,20070504,9:47:39,35.11,100,0,0,@,T
AA,20070504,9:47:39,35.11,800,0,0,F,N
AA,20070504,9:47:39,35.11,100,0,0,@,T
AA,20070504,9:47:39,35.11,100,0,0,@,T
AA,20070504,9:47:39,35.11,100,0,0,@,T
AA,20070504,9:47:39,35.11,100,0,0,E,N
AA,20070504,9:47:39,35.11,100,0,0,E,P
AA,20070504,9:47:40,35.11,100,0,0,E,N
AA,20070504,9:47:47,35.11,400,0,0,E,N
AA,20070504,9:47:51,35.11,200,0,0,E,N
AA,20070504,9:47:53,35.11,2300,0,0,@,D
AA,20070504,9:47:54,35.11,1000,0,0,@,T
AA,20070504,9:47:54,35.11,100,0,0,@,T
AA,20070504,9:47:54,35.1105,1000,0,0,@,D
AA,20070504,9:47:57,35.11,300,0,0,E,N
AA,20070504,9:47:58,35.12,100,0,0,E,N
AA,20070504,9:47:59,35.12,100,0,0,@,T
AA,20070504,9:47:59,35.12,300,0,0,@,T
AA,20070504,9:47:59,35.12,200,0,0,@,T
AA,20070504,9:48:06,35.13,300,0,0,E,N
AA,20070504,9:48:06,35.12,100,0,0,E,P
AA,20070504,9:48:06,35.12,500,0,0,E,P
AA,20070504,9:48:06,35.12,100,0,0,@,T
AA,20070504,9:48:06,35.12,600,0,0,@,T
AA,20070504,9:48:07,35.12,100,0,0,@,T
AA,20070504,9:48:07,35.12,600,0,0,F,N
AA,20070504,9:48:09,35.11,600,0,0,E,N
AA,20070504,9:48:09,35.13,100,0,0,@,T
AA,20070504,9:48:09,35.13,100,0,0,@,T
AA,20070504,9:48:09,35.13,100,0,0,@,T
AA,20070504,9:48:09,35.13,100,0,0,@,T
AA,20070504,9:48:09,35.13,100,0,0,@,T
AA,20070504,9:48:09,35.13,100,0,0,@,T
AA,20070504,9:48:09,35.13,100,0,0,@,T
AA,20070504,9:48:09,35.13,100,0,0,@,T
AA,20070504,9:48:09,35.13,100,0,0,@,T
AA,20070504,9:48:09,35.13,100,0,0,E,P
AA,20070504,9:48:09,35.13,100,0,0,E,P
AA,20070504,9:48:09,35.13,100,0,0,E,P
AA,20070504,9:48:09,35.13,100,0,0,@,C
AA,20070504,9:48:09,35.13,100,0,0,@,C
AA,20070504,9:48:09,35.12,100,0,0,E,N
AA,20070504,9:48:09,35.13,1400,0,0,F,N
AA,20070504,9:48:10,35.13,300,0,0,F,N
AA,20070504,9:48:16,35.13,200,0,0,E,N
AA,20070504,9:48:20,35.13,100,0,0,E,N
AA,20070504,9:48:23,35.13,100,0,0,E,N
AA,20070504,9:48:26,35.13,200,0,0,E,N
AA,20070504,9:48:26,35.13,100,0,0,@,D
AA,20070504,9:48:26,35.13,100,0,0,E,P
AA,20070504,9:48:26,35.13,100,0,0,E,P
AA,20070504,9:48:26,35.13,100,0,0,@,T
AA,20070504,9:48:26,35.13,100,0,0,@,T
AA,20070504,9:48:27,35.13,100,0,0,F,N
AA,20070504,9:48:27,35.12,100,0,0,@,T
AA,20070504,9:48:27,35.12,100,0,0,@,T
AA,20070504,9:48:27,35.12,100,0,0,@,T
AA,20070504,9:48:27,35.12,100,0,0,@,T
AA,20070504,9:48:27,35.12,100,0,0,@,T
AA,20070504,9:48:27,35.12,600,0,0,@,T
AA,20070504,9:48:27,35.12,200,0,0,@,T
AA,20070504,9:48:27,35.12,100,0,0,@,D
AA,20070504,9:48:27,35.12,100,0,0,@,D
AA,20070504,9:48:27,35.12,100,0,0,@,D
AA,20070504,9:48:27,35.12,100,0,0,@,D
AA,20070504,9:48:27,35.12,1000,0,0,@,D
AA,20070504,9:48:27,35.12,600,0,0,F,N
AA,20070504,9:48:28,35.12,100,0,0,@,T
AA,20070504,9:48:28,35.12,100,0,0,@,T
AA,20070504,9:48:28,35.12,100,0,0,@,C
AA,20070504,9:48:28,35.12,100,0,0,@,T
AA,20070504,9:48:28,35.12,400,0,0,E,N
AA,20070504,9:48:30,35.12,100,0,0,@,T
AA,20070504,9:48:31,35.12,100,0,0,E,P
AA,20070504,9:48:31,35.12,600,0,0,E,N
AA,20070504,9:48:41,35.12,300,0,0,E,N
AA,20070504,9:48:42,35.12,500,0,0,E,N
AA,20070504,9:48:46,35.13,300,0,0,E,N
AA,20070504,9:48:46,35.13,100,0,0,@,T
AA,20070504,9:48:56,35.13,100,0,0,@,T
AA,20070504,9:48:56,35.12,100,0,0,F,N
AA,20070504,9:49:02,35.13,100,0,0,@,T
AA,20070504,9:49:02,35.14,100,0,0,@,T
AA,20070504,9:49:02,35.14,100,0,0,@,T
AA,20070504,9:49:02,35.14,100,0,0,@,T
AA,20070504,9:49:02,35.14,100,0,0,@,T
AA,20070504,9:49:02,35.14,100,0,0,@,T
AA,20070504,9:49:02,35.14,200,0,0,@,T
AA,20070504,9:49:02,35.14,100,0,0,E,P
AA,20070504,9:49:03,35.14,100,0,0,E,P
AA,20070504,9:49:03,35.14,100,0,0,E,P
AA,20070504,9:49:03,35.14,100,0,0,E,P
AA,20070504,9:49:05,35.13,100,0,0,@,T
AA,20070504,9:49:10,35.12,900,0,0,E,N
AA,20070504,9:49:15,35.12,200,0,0,F,N
AA,20070504,9:49:19,35.12,100,0,0,@,T
AA,20070504,9:49:19,35.12,100,0,0,@,T
AA,20070504,9:49:19,35.12,500,0,0,E,N
AA,20070504,9:49:22,35.11,100,0,0,@,T
AA,20070504,9:49:22,35.11,100,0,0,@,T
AA,20070504,9:49:22,35.11,100,0,0,@,T
AA,20070504,9:49:22,35.11,700,0,0,@,T
AA,20070504,9:49:22,35.11,100,0,0,@,D
AA,20070504,9:49:22,35.11,100,0,0,@,D
AA,20070504,9:49:22,35.11,700,0,0,F,N
AA,20070504,9:49:23,35.1,700,0,0,E,N
AA,20070504,9:49:23,35.11,100,0,0,@,T
AA,20070504,9:49:23,35.11,100,0,0,@,T
AA,20070504,9:49:23,35.11,100,0,0,@,T
AA,20070504,9:49:23,35.11,100,0,0,E,N
AA,20070504,9:49:24,35.1,100,0,0,E,P
AA,20070504,9:49:24,35.1,100,0,0,@,T
AA,20070504,9:49:25,35.09,100,0,0,@,T
AA,20070504,9:49:25,35.09,100,0,0,@,T
AA,20070504,9:49:26,35.08,400,0,0,E,N
AA,20070504,9:49:26,35.08,100,0,0,E,N
AA,20070504,9:49:26,35.08,100,0,0,E,N
AA,20070504,9:49:27,35.07,100,0,0,E,P
AA,20070504,9:49:28,35.07,100,0,0,E,N
AA,20070504,9:49:28,35.06,2800,0,0,@,M
AA,20070504,9:49:31,35.06,100,0,0,@,T
AA,20070504,9:49:31,35.06,100,0,0,@,T
AA,20070504,9:49:31,35.06,100,0,0,@,T
AA,20070504,9:49:31,35.06,100,0,0,@,T
AA,20070504,9:49:32,35.12,100,0,0,@,D
AA,20070504,9:49:34,35.08,100,0,0,@,D
AA,20070504,9:49:34,35.08,100,0,0,@,D
AA,20070504,9:49:34,35.06,100,0,0,@,T
AA,20070504,9:49:34,35.07,100,0,0,@,T
AA,20070504,9:49:34,35.08,100,0,0,@,T
AA,20070504,9:49:34,35.08,100,0,0,@,T
AA,20070504,9:49:34,35.06,100,0,0,E,P
AA,20070504,9:49:34,35.07,100,0,0,E,P
AA,20070504,9:49:34,35.07,100,0,0,E,P
AA,20070504,9:49:34,35.07,100,0,0,E,P
AA,20070504,9:49:34,35.08,100,0,0,E,P
AA,20070504,9:49:34,35.08,100,0,0,E,P
AA,20070504,9:49:34,35.08,100,0,0,E,P
AA,20070504,9:49:34,35.08,100,0,0,E,P
AA,20070504,9:49:34,35.08,100,0,0,E,P
AA,20070504,9:49:34,35.08,100,0,0,E,P
AA,20070504,9:49:34,35.08,100,0,0,E,P
AA,20070504,9:49:34,35.08,100,0,0,E,P
AA,20070504,9:49:34,35.09,100,0,0,E,P
AA,20070504,9:49:34,35.09,100,0,0,E,P
AA,20070504,9:49:34,35.09,100,0,0,E,P
AA,20070504,9:49:34,35.09,100,0,0,E,P
AA,20070504,9:49:34,35.09,100,0,0,E,P
AA,20070504,9:49:34,35.09,100,0,0,E,P
AA,20070504,9:49:34,35.09,100,0,0,E,P
AA,20070504,9:49:34,35.09,100,0,0,E,P
AA,20070504,9:49:34,35.09,100,0,0,E,P
AA,20070504,9:49:34,35.09,100,0,0,E,P
AA,20070504,9:49:34,35.09,100,0,0,E,P
AA,20070504,9:49:34,35.09,100,0,0,F,P
AA,20070504,9:49:34,35.09,300,0,0,F,P
AA,20070504,9:49:34,35.09,100,0,0,F,P
AA,20070504,9:49:34,35.09,100,0,0,E,P
AA,20070504,9:49:34,35.1,100,0,0,@,T
AA,20070504,9:49:34,35.08,1000,0,0,F,D
AA,20070504,9:49:35,35.11,100,0,0,E,P
AA,20070504,9:49:35,35.06,900,0,0,F,N
AA,20070504,9:49:35,35.08,300,0,0,E,N
AA,20070504,9:49:35,35.12,100,0,0,E,P
AA,20070504,9:49:35,35.12,100,0,0,@,T
AA,20070504,9:49:35,35.12,100,0,0,@,T
AA,20070504,9:49:35,35.08,100,0,0,E,N
AA,20070504,9:49:35,35.08,100,0,0,E,N
AA,20070504,9:49:35,35.08,100,0,0,E,N
AA,20070504,9:49:35,35.09,100,0,0,E,N
AA,20070504,9:49:35,35.09,100,0,0,E,N
AA,20070504,9:49:35,35.09,100,0,0,E,N
AA,20070504,9:49:35,35.07,100,0,0,E,N
AA,20070504,9:49:35,35.06,300,0,0,E,N
AA,20070504,9:49:35,35.09,100,0,0,E,N
AA,20070504,9:49:35,35.09,100,0,0,E,N
AA,20070504,9:49:35,35.09,100,0,0,E,N
AA,20070504,9:49:35,35.09,100,0,0,E,N
AA,20070504,9:49:35,35.09,100,0,0,E,N
AA,20070504,9:49:35,35.09,100,0,0,E,N
AA,20070504,9:49:35,35.09,100,0,0,E,N
AA,20070504,9:49:35,35.09,100,0,0,E,N
AA,20070504,9:49:36,35.09,100,0,0,E,N
AA,20070504,9:49:36,35.09,100,0,0,E,N
AA,20070504,9:49:36,35.09,100,0,0,E,N
AA,20070504,9:49:36,35.09,100,0,0,E,N
AA,20070504,9:49:36,35.11,300,0,0,E,N
AA,20070504,9:49:36,35.12,100,0,0,@,T
AA,20070504,9:49:36,35.12,100,0,0,E,P
AA,20070504,9:49:36,35.13,100,0,0,E,P
AA,20070504,9:49:36,35.12,100,0,0,F,P
AA,20070504,9:49:36,35.13,200,0,0,E,N
AA,20070504,9:49:37,35.12,100,0,0,@,T
AA,20070504,9:49:37,35.12,100,0,0,@,T
AA,20070504,9:49:37,35.11,100,0,0,@,T
AA,20070504,9:49:37,35.11,100,0,0,@,T
AA,20070504,9:49:37,35.11,100,0,0,@,T
AA,20070504,9:49:37,35.11,100,0,0,@,T
AA,20070504,9:49:37,35.11,100,0,0,@,T
AA,20070504,9:49:37,35.11,100,0,0,@,T
AA,20070504,9:49:37,35.11,100,0,0,E,P
AA,20070504,9:49:37,35.1,100,0,0,@,T
AA,20070504,9:49:37,35.1,100,0,0,@,T
AA,20070504,9:49:37,35.1,100,0,0,@,T
AA,20070504,9:49:37,35.1,100,0,0,@,T
AA,20070504,9:49:38,35.1,100,0,0,E,N
AA,20070504,9:49:38,35.1,100,0,0,E,N
AA,20070504,9:49:38,35.1,100,0,0,E,N
AA,20070504,9:49:39,35.1,100,0,0,@,T
AA,20070504,9:49:39,35.1,2000,0,0,@,D
AA,20070504,9:49:40,35.09,100,0,0,E,P
AA,20070504,9:49:42,35.09,100,0,0,E,P
AA,20070504,9:49:43,35.09,100,0,0,E,P
AA,20070504,9:49:45,35.1,100,0,0,@,T
AA,20070504,9:49:45,35.1,100,0,0,@,T
AA,20070504,9:49:45,35.1,100,0,0,@,T
AA,20070504,9:49:45,35.1,100,0,0,@,T
AA,20070504,9:49:45,35.1,800,0,0,@,T
AA,20070504,9:49:45,35.1,300,0,0,@,T
AA,20070504,9:49:45,35.1,100,0,0,@,T
AA,20070504,9:49:45,35.1,100,0,0,E,P
AA,20070504,9:49:45,35.1,100,0,0,E,P
AA,20070504,9:49:45,35.1,100,0,0,E,P
AA,20070504,9:49:45,35.1,100,0,0,E,P
AA,20070504,9:49:45,35.1,100,0,0,E,P
AA,20070504,9:49:45,35.1,100,0,0,E,P
AA,20070504,9:49:45,35.1,100,0,0,E,P
AA,20070504,9:49:45,35.11,100,0,0,E,P
AA,20070504,9:49:45,35.11,100,0,0,E,P
AA,20070504,9:49:45,35.11,100,0,0,E,P
AA,20070504,9:49:45,35.11,100,0,0,E,P
AA,20070504,9:49:45,35.11,100,0,0,E,P
AA,20070504,9:49:45,35.11,100,0,0,E,P
AA,20070504,9:49:45,35.11,100,0,0,E,P
AA,20070504,9:49:45,35.11,100,0,0,E,P
AA,20070504,9:49:45,35.1,100,0,0,@,C
AA,20070504,9:49:45,35.11,100,0,0,F,P
AA,20070504,9:49:45,35.11,100,0,0,E,P
AA,20070504,9:49:45,35.11,800,0,0,E,P
AA,20070504,9:49:45,35.1,100,0,0,@,T
AA,20070504,9:49:45,35.09,300,0,0,E,N
AA,20070504,9:49:45,35.1,1800,0,0,F,N
AA,20070504,9:49:45,35.11,100,0,0,E,P
AA,20070504,9:49:45,35.11,400,0,0,E,P
AA,20070504,9:49:45,35.11,100,0,0,@,T
AA,20070504,9:49:45,35.11,100,0,0,@,T
AA,20070504,9:49:45,35.11,100,0,0,@,T
AA,20070504,9:49:45,35.11,100,0,0,@,T
AA,20070504,9:49:45,35.11,100,0,0,E,P
AA,20070504,9:49:46,35.11,100,0,0,@,T
AA,20070504,9:49:46,35.11,100,0,0,E,N
AA,20070504,9:49:46,35.11,100,0,0,E,N
AA,20070504,9:49:46,35.11,100,0,0,@,T
AA,20070504,9:49:46,35.12,200,0,0,E,N
AA,20070504,9:49:49,35.12,800,0,0,E,N
AA,20070504,9:49:50,35.13,100,0,0,@,T
AA,20070504,9:49:50,35.13,100,0,0,@,T
AA,20070504,9:49:51,35.13,100,0,0,E,N
AA,20070504,9:49:51,35.14,100,0,0,E,N
AA,20070504,9:49:53,35.13,100,0,0,E,N
AA,20070504,9:49:53,35.13,100,0,0,@,T
AA,20070504,9:49:53,35.13,100,0,0,E,N
AA,20070504,9:49:54,35.13,100,0,0,@,T
AA,20070504,9:49:54,35.13,100,0,0,@,T
AA,20070504,9:49:56,35.12,100,0,0,E,N
AA,20070504,9:49:58,35.13,100,0,0,E,N
AA,20070504,9:50:00,35.13,100,0,0,E,P
AA,20070504,9:50:00,35.13,200,0,0,@,D
AA,20070504,9:50:00,35.13,100,0,0,@,D
AA,20070504,9:50:00,35.12,100,0,0,@,D
AA,20070504,9:50:00,35.12,100,0,0,@,D
AA,20070504,9:50:00,35.13,100,0,0,@,T
AA,20070504,9:50:00,35.13,100,0,0,@,T
AA,20070504,9:50:00,35.12,100,0,0,@,T
AA,20070504,9:50:00,35.12,100,0,0,@,T
AA,20070504,9:50:00,35.12,100,0,0,@,T
AA,20070504,9:50:00,35.12,200,0,0,@,T
AA,20070504,9:50:00,35.12,100,0,0,@,T
AA,20070504,9:50:00,35.12,100,0,0,@,T
AA,20070504,9:50:00,35.12,100,0,0,@,T
AA,20070504,9:50:00,35.12,100,0,0,@,D
AA,20070504,9:50:00,35.12,100,0,0,@,D
AA,20070504,9:50:00,35.13,100,0,0,E,P
AA,20070504,9:50:00,35.12,100,0,0,F,P
AA,20070504,9:50:00,35.12,100,0,0,F,P
AA,20070504,9:50:00,35.12,100,0,0,@,T
AA,20070504,9:50:00,35.12,100,0,0,@,T
AA,20070504,9:50:01,35.12,100,0,0,E,P
AA,20070504,9:50:01,35.12,100,0,0,@,T
AA,20070504,9:50:01,35.13,200,0,0,F,N
AA,20070504,9:50:01,35.12,800,0,0,F,N
AA,20070504,9:50:01,35.12,700,0,0,F,N
AA,20070504,9:50:01,35.11,100,0,0,@,T
AA,20070504,9:50:01,35.11,100,0,0,@,T
AA,20070504,9:50:01,35.11,100,0,0,E,P
AA,20070504,9:50:01,35.11,100,0,0,E,P
AA,20070504,9:50:02,35.11,100,0,0,@,T
AA,20070504,9:50:02,35.11,800,0,0,@,T
AA,20070504,9:50:02,35.11,100,0,0,@,T
AA,20070504,9:50:02,35.11,100,0,0,E,N
AA,20070504,9:50:02,35.11,100,0,0,E,P
AA,20070504,9:50:02,35.11,100,0,0,E,N
AA,20070504,9:50:02,35.11,500,0,0,@,T
AA,20070504,9:50:02,35.1,100,0,0,@,T
AA,20070504,9:50:02,35.11,100,0,0,E,P
AA,20070504,9:50:02,35.11,100,0,0,E,P
AA,20070504,9:50:02,35.11,100,0,0,E,P
AA,20070504,9:50:02,35.11,100,0,0,E,P
AA,20070504,9:50:02,35.11,100,0,0,E,P
AA,20070504,9:50:02,35.1,200,0,0,@,T
AA,20070504,9:50:02,35.11,100,0,0,@,D
AA,20070504,9:50:02,35.11,100,0,0,@,D
AA,20070504,9:50:02,35.11,100,0,0,@,T
AA,20070504,9:50:02,35.11,100,0,0,@,T
AA,20070504,9:50:02,35.11,2000,0,0,@,T
AA,20070504,9:50:02,35.11,100,0,0,@,T
AA,20070504,9:50:02,35.1,100,0,0,@,T
AA,20070504,9:50:02,35.11,100,0,0,@,T
AA,20070504,9:50:02,35.11,1000,0,0,@,T
AA,20070504,9:50:02,35.11,100,0,0,@,T
AA,20070504,9:50:02,35.11,100,0,0,@,T
AA,20070504,9:50:02,35.11,400,0,0,@,T
AA,20070504,9:50:02,35.11,100,0,0,@,T
AA,20070504,9:50:02,35.12,100,0,0,E,P
AA,20070504,9:50:02,35.12,100,0,0,E,P
AA,20070504,9:50:02,35.12,100,0,0,E,P
AA,20070504,9:50:02,35.12,100,0,0,E,P
AA,20070504,9:50:02,35.12,100,0,0,E,P
AA,20070504,9:50:02,35.12,100,0,0,E,P
AA,20070504,9:50:02,35.13,100,0,0,E,P
AA,20070504,9:50:02,35.13,100,0,0,E,P
AA,20070504,9:50:02,35.13,100,0,0,E,P
AA,20070504,9:50:02,35.13,100,0,0,E,P
AA,20070504,9:50:02,35.13,100,0,0,E,P
AA,20070504,9:50:02,35.13,100,0,0,E,P
AA,20070504,9:50:02,35.13,100,0,0,E,P
AA,20070504,9:50:02,35.13,100,0,0,E,P
AA,20070504,9:50:02,35.13,100,0,0,E,P
AA,20070504,9:50:02,35.13,100,0,0,E,P
AA,20070504,9:50:02,35.12,100,0,0,@,T
AA,20070504,9:50:02,35.12,100,0,0,@,T
AA,20070504,9:50:02,35.12,100,0,0,@,T
AA,20070504,9:50:02,35.12,100,0,0,@,T
AA,20070504,9:50:02,35.12,100,0,0,@,T
AA,20070504,9:50:02,35.13,100,0,0,E,P
AA,20070504,9:50:02,35.13,100,0,0,F,P
AA,20070504,9:50:02,35.13,100,0,0,F,P
AA,20070504,9:50:02,35.13,100,0,0,F,P
AA,20070504,9:50:02,35.13,100,0,0,F,P
AA,20070504,9:50:02,35.13,1000,0,0,F,P
AA,20070504,9:50:02,35.13,100,0,0,E,P
AA,20070504,9:50:02,35.13,800,0,0,E,P
AA,20070504,9:50:02,35.13,100,0,0,E,P
AA,20070504,9:50:02,35.13,1000,0,0,E,P
AA,20070504,9:50:02,35.13,100,0,0,E,P
AA,20070504,9:50:02,35.13,100,0,0,F,P
AA,20070504,9:50:02,35.13,100,0,0,E,P
AA,20070504,9:50:02,35.13,900,0,0,E,P
AA,20070504,9:50:03,35.13,100,0,0,F,P
AA,20070504,9:50:03,35.13,400,0,0,F,P
AA,20070504,9:50:03,35.14,100,0,0,@,T
AA,20070504,9:50:03,35.14,100,0,0,@,T
AA,20070504,9:50:03,35.11,100,0,0,E,N
AA,20070504,9:50:03,35.12,400,0,0,E,N
AA,20070504,9:50:03,35.12,100,0,0,F,N
AA,20070504,9:50:03,35.12,400,0,0,E,N
AA,20070504,9:50:03,35.12,100,0,0,F,N
AA,20070504,9:50:03,35.13,100,0,0,@,T
AA,20070504,9:50:03,35.13,100,0,0,@,T
AA,20070504,9:50:03,35.13,100,0,0,@,T
AA,20070504,9:50:03,35.13,100,0,0,@,T
AA,20070504,9:50:03,35.13,100,0,0,@,T
AA,20070504,9:50:03,35.13,100,0,0,E,P
AA,20070504,9:50:04,35.14,100,0,0,E,N
AA,20070504,9:50:04,35.14,100,0,0,@,T
AA,20070504,9:50:04,35.14,100,0,0,E,P
AA,20070504,9:50:04,35.14,100,0,0,E,P
AA,20070504,9:50:04,35.14,100,0,0,E,P
AA,20070504,9:50:04,35.14,100,0,0,E,P
AA,20070504,9:50:04,35.14,100,0,0,E,P
AA,20070504,9:50:04,35.14,100,0,0,E,P
AA,20070504,9:50:05,35.14,500,0,0,E,N
AA,20070504,9:50:10,35.14,200,0,0,E,N
AA,20070504,9:50:12,35.14,300,0,0,F,N
AA,20070504,9:50:13,35.14,100,0,0,F,N
AA,20070504,9:50:26,35.14,200,0,0,E,N
AA,20070504,9:50:28,35.15,100,0,0,E,P
AA,20070504,9:50:28,35.15,100,0,0,E,P
AA,20070504,9:50:28,35.15,100,0,0,E,P
AA,20070504,9:50:28,35.15,500,0,0,@,T
AA,20070504,9:50:28,35.15,100,0,0,@,T
AA,20070504,9:50:28,35.15,100,0,0,@,T
AA,20070504,9:50:28,35.15,100,0,0,@,T
AA,20070504,9:50:28,35.15,500,0,0,@,T
AA,20070504,9:50:28,35.15,100,0,0,@,T
AA,20070504,9:50:28,35.15,200,0,0,@,T
AA,20070504,9:50:28,35.15,100,0,0,@,T
AA,20070504,9:50:33,35.15,100,0,0,@,T
AA,20070504,9:50:33,35.15,100,0,0,@,T
AA,20070504,9:50:33,35.15,400,0,0,@,T
AA,20070504,9:50:33,35.15,700,0,0,E,N
AA,20070504,9:50:33,35.15,100,0,0,@,T
AA,20070504,9:50:33,35.15,100,0,0,@,T
AA,20070504,9:50:33,35.15,100,0,0,@,T
AA,20070504,9:50:33,35.15,100,0,0,@,T
AA,20070504,9:50:34,35.15,100,0,0,@,D
AA,20070504,9:50:34,35.15,100,0,0,@,D
AA,20070504,9:50:34,35.15,100,0,0,F,C
AA,20070504,9:50:34,35.15,100,0,0,@,T
AA,20070504,9:50:34,35.15,200,0,0,@,T
AA,20070504,9:50:34,35.15,100,0,0,@,T
AA,20070504,9:50:34,35.15,100,0,0,@,T
AA,20070504,9:50:34,35.15,100,0,0,@,T
AA,20070504,9:50:46,35.15,300,0,0,F,N
AA,20070504,9:50:46,35.15,100,0,0,@,T
AA,20070504,9:50:46,35.15,100,0,0,@,T
AA,20070504,9:50:46,35.15,1200,0,0,@,T
AA,20070504,9:50:47,35.15,100,0,0,@,T
AA,20070504,9:50:47,35.15,100,0,0,@,T
AA,20070504,9:50:47,35.15,100,0,0,@,T
AA,20070504,9:50:47,35.15,100,0,0,@,T
AA,20070504,9:50:47,35.15,100,0,0,@,T
AA,20070504,9:50:47,35.15,100,0,0,@,T
AA,20070504,9:50:47,35.15,100,0,0,@,T
AA,20070504,9:50:47,35.15,100,0,0,@,T
AA,20070504,9:50:47,35.15,800,0,0,@,T
AA,20070504,9:50:47,35.16,100,0,0,F,N
AA,20070504,9:50:47,35.15,100,0,0,@,T
AA,20070504,9:50:48,35.15,100,0,0,F,N
AA,20070504,9:50:48,35.15,100,0,0,@,T
AA,20070504,9:50:48,35.16,100,0,0,F,N
AA,20070504,9:50:49,35.14,100,0,0,F,N
AA,20070504,9:50:50,35.15,100,0,0,@,T
AA,20070504,9:50:52,35.16,200,0,0,E,N
AA,20070504,9:50:53,35.15,100,0,0,@,T
AA,20070504,9:50:56,35.15,100,0,0,@,T
AA,20070504,9:50:59,35.15,100,0,0,E,N
AA,20070504,9:50:59,35.15,100,0,0,E,N
AA,20070504,9:51:00,35.15,100,0,0,E,N
AA,20070504,9:51:02,35.16,1100,0,0,E,N
AA,20070504,9:51:03,35.17,100,0,0,@,T
AA,20070504,9:51:03,35.17,100,0,0,@,T
AA,20070504,9:51:03,35.16,600,0,0,E,N
AA,20070504,9:51:03,35.17,100,0,0,@,T
AA,20070504,9:51:03,35.16,100,0,0,@,T
AA,20070504,9:51:03,35.16,100,0,0,@,T
AA,20070504,9:51:03,35.16,100,0,0,@,T
AA,20070504,9:51:03,35.16,200,0,0,@,T
AA,20070504,9:51:03,35.16,100,0,0,E,P
AA,20070504,9:51:03,35.16,100,0,0,E,P
AA,20070504,9:51:03,35.16,200,0,0,E,P
AA,20070504,9:51:03,35.17,100,0,0,@,T
AA,20070504,9:51:03,35.17,100,0,0,@,T
AA,20070504,9:51:03,35.17,200,0,0,E,N
AA,20070504,9:51:04,35.16,200,0,0,E,N
AA,20070504,9:51:04,35.17,100,0,0,E,N
AA,20070504,9:51:04,35.17,100,0,0,@,T
AA,20070504,9:51:04,35.17,100,0,0,@,T
AA,20070504,9:51:05,35.17,100,0,0,@,T
AA,20070504,9:51:06,35.18,100,0,0,E,P
AA,20070504,9:51:06,35.18,300,0,0,E,N
AA,20070504,9:51:07,35.18,100,0,0,@,D
AA,20070504,9:51:07,35.18,100,0,0,E,N
AA,20070504,9:51:07,35.18,100,0,0,E,P
AA,20070504,9:51:07,35.17,100,0,0,@,T
AA,20070504,9:51:14,35.18,300,0,0,E,N
AA,20070504,9:51:14,35.18,100,0,0,@,T
AA,20070504,9:51:14,35.18,100,0,0,E,N
AA,20070504,9:51:15,35.18,100,0,0,@,T
AA,20070504,9:51:15,35.18,100,0,0,@,T
AA,20070504,9:51:16,35.18,100,0,0,E,N
AA,20070504,9:51:20,35.19,400,0,0,@,T
AA,20070504,9:51:22,35.19,600,0,0,@,T
AA,20070504,9:51:22,35.19,100,0,0,E,P
AA,20070504,9:51:23,35.18,700,0,0,E,N
AA,20070504,9:51:27,35.18,100,0,0,E,N
AA,20070504,9:51:30,35.18,400,0,0,E,N
AA,20070504,9:51:32,35.19,100,0,0,E,N
AA,20070504,9:51:34,35.18,100,0,0,@,T
AA,20070504,9:51:34,35.18,500,0,0,F,N
AA,20070504,9:51:34,35.18,100,0,0,@,T
AA,20070504,9:51:34,35.18,100,0,0,@,T
AA,20070504,9:51:39,35.17,100,0,0,F,N
AA,20070504,9:51:41,35.17,100,0,0,@,T
AA,20070504,9:51:41,35.17,100,0,0,@,T
AA,20070504,9:51:42,35.17,200,0,0,E,P
AA,20070504,9:51:44,35.17,700,0,0,E,N
AA,20070504,9:51:47,35.17,100,0,0,@,T
AA,20070504,9:51:47,35.17,200,0,0,@,T
AA,20070504,9:51:47,35.17,100,0,0,F,N
AA,20070504,9:51:48,35.17,300,0,0,E,N
AA,20070504,9:51:48,35.17,100,0,0,@,C
AA,20070504,9:51:52,35.17,100,0,0,E,N
AA,20070504,9:51:52,35.18,400,0,0,E,N
AA,20070504,9:51:53,35.18,200,0,0,E,N
AA,20070504,9:51:54,35.17,600,0,0,@,T
AA,20070504,9:51:54,35.17,100,0,0,@,T
AA,20070504,9:51:55,35.17,100,0,0,E,P
AA,20070504,9:51:57,35.17,100,0,0,E,P
AA,20070504,9:51:57,35.17,200,0,0,E,P
AA,20070504,9:51:57,35.16,500,0,0,@,T
AA,20070504,9:51:57,35.16,800,0,0,F,N
AA,20070504,9:51:57,35.15,100,0,0,@,D
AA,20070504,9:51:57,35.15,100,0,0,E,P
AA,20070504,9:51:57,35.15,100,0,0,E,P
AA,20070504,9:51:57,35.15,100,0,0,@,T
AA,20070504,9:51:57,35.15,100,0,0,@,T
AA,20070504,9:51:57,35.15,100,0,0,@,T
AA,20070504,9:51:57,35.15,100,0,0,@,T
AA,20070504,9:51:57,35.15,100,0,0,@,T
AA,20070504,9:51:58,35.15,100,0,0,@,T
AA,20070504,9:51:58,35.15,600,0,0,F,N
AA,20070504,9:51:58,35.16,100,0,0,E,P
AA,20070504,9:51:58,35.16,100,0,0,E,P
AA,20070504,9:51:58,35.16,100,0,0,E,P
AA,20070504,9:51:58,35.15,100,0,0,F,N
AA,20070504,9:51:59,35.16,100,0,0,E,P
AA,20070504,9:51:59,35.16,100,0,0,E,P
AA,20070504,9:51:59,35.16,400,0,0,E,N
AA,20070504,9:52:00,35.15,100,0,0,@,T
AA,20070504,9:52:00,35.15,100,0,0,@,T
AA,20070504,9:52:02,35.14,200,0,0,E,N
AA,20070504,9:52:02,35.14,100,0,0,E,N
AA,20070504,9:52:07,35.14,500,0,0,E,N
AA,20070504,9:52:07,35.15,100,0,0,@,T
AA,20070504,9:52:10,35.15,100,0,0,@,T
AA,20070504,9:52:10,35.15,100,0,0,@,T
AA,20070504,9:52:11,35.15,300,0,0,E,N
AA,20070504,9:52:12,35.15,100,0,0,@,T
AA,20070504,9:52:12,35.15,100,0,0,@,T
AA,20070504,9:52:20,35.15,100,0,0,@,T
AA,20070504,9:52:20,35.15,1200,0,0,@,D
AA,20070504,9:52:22,35.15,100,0,0,@,T
AA,20070504,9:52:22,35.15,1900,0,0,@,D
AA,20070504,9:52:23,35.14,100,0,0,@,D
AA,20070504,9:52:27,35.15,100,0,0,@,T
AA,20070504,9:52:27,35.15,300,0,0,@,T
AA,20070504,9:52:29,35.15,100,0,0,@,T
AA,20070504,9:52:29,35.15,400,0,0,E,N
AA,20070504,9:52:30,35.14,200,0,0,E,N
AA,20070504,9:52:30,35.14,700,0,0,E,N
AA,20070504,9:52:30,35.15,200,0,0,F,N
AA,20070504,9:52:34,35.15,100,0,0,@,T
AA,20070504,9:52:34,35.15,200,0,0,@,T
AA,20070504,9:52:34,35.15,100,0,0,F,N
AA,20070504,9:52:35,35.15,100,0,0,@,T
AA,20070504,9:52:35,35.15,1000,0,0,@,D
AA,20070504,9:52:35,35.15,300,0,0,F,N
AA,20070504,9:52:35,35.15,400,0,0,F,N
AA,20070504,9:52:36,35.16,100,0,0,@,D
AA,20070504,9:52:36,35.16,200,0,0,@,D
AA,20070504,9:52:38,35.16,200,0,0,E,N
AA,20070504,9:52:40,35.16,100,0,0,E,N
AA,20070504,9:52:42,35.16,100,0,0,E,N
AA,20070504,9:52:46,35.16,100,0,0,@,T
AA,20070504,9:52:46,35.16,100,0,0,@,T
AA,20070504,9:52:46,35.16,400,0,0,E,N
AA,20070504,9:52:46,35.16,100,0,0,E,P
AA,20070504,9:52:46,35.16,100,0,0,E,P
AA,20070504,9:52:46,35.16,200,0,0,@,T
AA,20070504,9:52:48,35.17,200,0,0,E,N
AA,20070504,9:52:53,35.17,100,0,0,@,T
AA,20070504,9:52:53,35.17,100,0,0,@,T
AA,20070504,9:52:53,35.17,100,0,0,E,P
AA,20070504,9:52:53,35.17,100,0,0,E,P
AA,20070504,9:52:53,35.17,100,0,0,E,P
AA,20070504,9:53:01,35.16,100,0,0,E,N
AA,20070504,9:53:06,35.16,900,0,0,E,N
AA,20070504,9:53:07,35.16,100,0,0,@,T
AA,20070504,9:53:15,35.17,100,0,0,@,T
AA,20070504,9:53:15,35.17,100,0,0,@,T
AA,20070504,9:53:15,35.17,100,0,0,@,T
AA,20070504,9:53:16,35.17,200,0,0,E,N
AA,20070504,9:53:22,35.17,100,0,0,@,T
AA,20070504,9:53:22,35.17,100,0,0,@,T
AA,20070504,9:53:23,35.16,700,0,0,E,N
AA,20070504,9:53:24,35.17,100,0,0,@,T
AA,20070504,9:53:25,35.16,200,0,0,E,N
AA,20070504,9:53:25,35.17,200,0,0,E,N
AA,20070504,9:53:25,35.17,100,0,0,@,C
AA,20070504,9:53:25,35.17,100,0,0,@,T
AA,20070504,9:53:25,35.17,100,0,0,@,T
AA,20070504,9:53:25,35.17,300,0,0,@,T
AA,20070504,9:53:25,35.17,100,0,0,E,P
AA,20070504,9:53:26,35.17,800,0,0,E,N
AA,20070504,9:53:26,35.17,100,0,0,@,T
AA,20070504,9:53:26,35.17,100,0,0,F,N
AA,20070504,9:53:26,35.17,100,0,0,@,T
AA,20070504,9:53:26,35.17,100,0,0,@,T
AA,20070504,9:53:26,35.17,100,0,0,@,T
AA,20070504,9:53:26,35.17,200,0,0,@,T
AA,20070504,9:53:26,35.17,100,0,0,E,N
AA,20070504,9:53:27,35.17,100,0,0,@,T
AA,20070504,9:53:27,35.17,300,0,0,@,T
AA,20070504,9:53:29,35.17,100,0,0,E,N
AA,20070504,9:53:29,35.17,100,0,0,@,T
AA,20070504,9:53:29,35.17,2400,0,0,@,D
AA,20070504,9:53:29,35.17,100,0,0,E,N
AA,20070504,9:53:30,35.17,1100,0,0,@,D
AA,20070504,9:53:30,35.17,100,0,0,E,N
AA,20070504,9:53:32,35.18,100,0,0,E,N
AA,20070504,9:53:32,35.18,100,0,0,@,T
AA,20070504,9:53:32,35.18,200,0,0,@,T
AA,20070504,9:53:32,35.18,100,0,0,E,P
AA,20070504,9:53:32,35.18,100,0,0,E,P
AA,20070504,9:53:32,35.18,100,0,0,E,P
AA,20070504,9:53:32,35.18,100,0,0,E,P
AA,20070504,9:53:32,35.18,100,0,0,E,P
AA,20070504,9:53:33,35.18,100,0,0,E,P
AA,20070504,9:53:35,35.1736,500,0,0,@,D
AA,20070504,9:53:37,35.18,100,0,0,@,T
AA,20070504,9:53:37,35.18,100,0,0,@,T
AA,20070504,9:53:38,35.18,1500,0,0,F,N
AA,20070504,9:53:44,35.18,100,0,0,@,T
AA,20070504,9:53:44,35.18,100,0,0,@,T
AA,20070504,9:53:44,35.18,400,0,0,@,T
AA,20070504,9:53:45,35.18,200,0,0,F,N
AA,20070504,9:53:53,35.18,100,0,0,@,T
AA,20070504,9:53:53,35.18,700,0,0,E,N
AA,20070504,9:53:56,35.19,100,0,0,E,P
AA,20070504,9:53:56,35.19,100,0,0,E,P
AA,20070504,9:53:56,35.19,100,0,0,E,P
AA,20070504,9:53:59,35.19,100,0,0,@,T
AA,20070504,9:53:59,35.19,100,0,0,@,T
AA,20070504,9:54:00,35.19,300,0,0,F,N
AA,20070504,9:54:00,35.19,2200,0,0,F,N
AA,20070504,9:54:00,35.19,100,0,0,@,T
AA,20070504,9:54:00,35.19,100,0,0,@,T
AA,20070504,9:54:00,35.19,100,0,0,@,T
AA,20070504,9:54:00,35.19,100,0,0,@,T
AA,20070504,9:54:00,35.19,100,0,0,E,N
AA,20070504,9:54:01,35.19,100,0,0,@,T
AA,20070504,9:54:05,35.18,100,0,0,F,N
AA,20070504,9:54:06,35.2,100,0,0,E,N
AA,20070504,9:54:07,35.2,300,0,0,E,N
AA,20070504,9:54:08,35.2,100,0,0,E,P
AA,20070504,9:54:08,35.2,100,0,0,E,P
AA,20070504,9:54:08,35.2,100,0,0,E,P
AA,20070504,9:54:08,35.2,100,0,0,E,P
AA,20070504,9:54:08,35.2,600,0,0,E,P
AA,20070504,9:54:11,35.18,200,0,0,F,N
AA,20070504,9:54:20,35.2,200,0,0,E,P
AA,20070504,9:54:20,35.2,100,0,0,E,P
AA,20070504,9:54:24,35.19,100,0,0,E,N
AA,20070504,9:54:24,35.18,100,0,0,@,C
AA,20070504,9:54:24,35.18,100,0,0,@,C
AA,20070504,9:54:24,35.18,800,0,0,@,T
AA,20070504,9:54:24,35.18,100,0,0,@,T
AA,20070504,9:54:24,35.18,500,0,0,@,T
AA,20070504,9:54:24,35.18,2500,0,0,E,N
AA,20070504,9:54:24,35.17,100,0,0,@,T
AA,20070504,9:54:24,35.18,100,0,0,E,P
AA,20070504,9:54:24,35.17,100,0,0,@,T
AA,20070504,9:54:24,35.18,100,0,0,E,P
AA,20070504,9:54:24,35.17,100,0,0,E,P
AA,20070504,9:54:25,35.17,100,0,0,E,P
AA,20070504,9:54:25,35.17,100,0,0,E,P
AA,20070504,9:54:25,35.19,300,0,0,E,N
AA,20070504,9:54:25,35.19,100,0,0,E,P
AA,20070504,9:54:25,35.19,100,0,0,E,P
AA,20070504,9:54:25,35.17,100,0,0,E,N
AA,20070504,9:54:25,35.17,400,0,0,E,N
AA,20070504,9:54:25,35.17,100,0,0,@,T
AA,20070504,9:54:26,35.16,400,0,0,E,N
AA,20070504,9:54:27,35.16,700,0,0,@,T
AA,20070504,9:54:29,35.16,100,0,0,E,N
AA,20070504,9:54:29,35.16,900,0,0,E,N
AA,20070504,9:54:30,35.16,1400,0,0,E,N
AA,20070504,9:54:32,35.16,100,0,0,@,C
AA,20070504,9:54:32,35.15,100,0,0,@,T
AA,20070504,9:54:32,35.16,400,0,0,E,N
AA,20070504,9:54:32,35.17,1100,0,0,E,N
AA,20070504,9:54:35,35.17,100,0,0,@,T
AA,20070504,9:54:36,35.17,100,0,0,@,T
AA,20070504,9:54:36,35.17,100,0,0,@,T
AA,20070504,9:54:36,35.17,100,0,0,@,T
AA,20070504,9:54:36,35.17,100,0,0,@,T
AA,20070504,9:54:36,35.17,100,0,0,@,T
AA,20070504,9:54:36,35.17,100,0,0,@,T
AA,20070504,9:54:36,35.17,100,0,0,@,T
AA,20070504,9:54:36,35.17,100,0,0,E,P
AA,20070504,9:54:36,35.17,100,0,0,E,P
AA,20070504,9:54:36,35.17,100,0,0,E,P
AA,20070504,9:54:36,35.17,100,0,0,E,P
AA,20070504,9:54:36,35.17,100,0,0,E,P
AA,20070504,9:54:36,35.17,100,0,0,E,P
AA,20070504,9:54:36,35.17,100,0,0,F,C
AA,20070504,9:54:37,35.17,400,0,0,F,N
AA,20070504,9:54:37,35.17,100,0,0,E,P
AA,20070504,9:54:42,35.18,100,0,0,@,T
AA,20070504,9:54:42,35.18,100,0,0,@,T
AA,20070504,9:54:42,35.18,500,0,0,@,T
AA,20070504,9:54:42,35.18,300,0,0,@,T
AA,20070504,9:54:42,35.18,400,0,0,@,T
AA,20070504,9:54:42,35.18,700,0,0,@,T
AA,20070504,9:54:44,35.18,100,0,0,E,N
AA,20070504,9:54:45,35.18,100,0,0,E,N
AA,20070504,9:54:47,35.18,100,0,0,@,T
AA,20070504,9:54:56,35.19,100,0,0,E,N
AA,20070504,9:54:59,35.18,100,0,0,@,T
AA,20070504,9:54:59,35.18,100,0,0,@,T
AA,20070504,9:54:59,35.18,400,0,0,@,T
AA,20070504,9:54:59,35.18,100,0,0,@,T
AA,20070504,9:54:59,35.18,100,0,0,E,P
AA,20070504,9:54:59,35.18,100,0,0,E,P
AA,20070504,9:54:59,35.18,100,0,0,E,P
AA,20070504,9:54:59,35.18,100,0,0,E,P
AA,20070504,9:54:59,35.18,500,0,0,E,N
AA,20070504,9:54:59,35.17,2100,0,0,E,N
AA,20070504,9:55:00,35.17,400,0,0,E,N
AA,20070504,9:55:00,35.17,100,0,0,@,T
AA,20070504,9:55:07,35.17,900,0,0,E,N
AA,20070504,9:55:10,35.175,400,0,0,@,D
AA,20070504,9:55:14,35.17,200,0,0,E,N
AA,20070504,9:55:17,35.18,100,0,0,@,T
AA,20070504,9:55:17,35.18,200,0,0,@,T
AA,20070504,9:55:17,35.18,100,0,0,@,T
AA,20070504,9:55:17,35.18,100,0,0,@,T
AA,20070504,9:55:17,35.18,100,0,0,@,T
AA,20070504,9:55:17,35.18,500,0,0,@,T
AA,20070504,9:55:17,35.18,100,0,0,E,P
AA,20070504,9:55:17,35.18,100,0,0,E,P
AA,20070504,9:55:18,35.18,100,0,0,E,P
AA,20070504,9:55:18,35.18,100,0,0,F,C
AA,20070504,9:55:18,35.17,100,0,0,E,N
AA,20070504,9:55:18,35.18,600,0,0,F,N
AA,20070504,9:55:23,35.17,600,0,0,E,N
AA,20070504,9:55:23,35.18,800,0,0,E,N
AA,20070504,9:55:24,35.17,200,0,0,E,N
AA,20070504,9:55:26,35.18,200,0,0,@,T
AA,20070504,9:55:26,35.18,100,0,0,@,T
AA,20070504,9:55:26,35.18,100,0,0,@,T
AA,20070504,9:55:26,35.18,200,0,0,@,T
AA,20070504,9:55:26,35.18,200,0,0,@,T
AA,20070504,9:55:26,35.18,100,0,0,@,T
AA,20070504,9:55:26,35.18,500,0,0,@,T
AA,20070504,9:55:27,35.18,100,0,0,@,T
AA,20070504,9:55:27,35.18,100,0,0,@,T
AA,20070504,9:55:27,35.18,100,0,0,@,T
AA,20070504,9:55:27,35.18,200,0,0,E,P
AA,20070504,9:55:27,35.18,300,0,0,E,P
AA,20070504,9:55:27,35.18,100,0,0,F,N
AA,20070504,9:55:27,35.18,100,0,0,@,T
AA,20070504,9:55:27,35.18,100,0,0,@,T
AA,20070504,9:55:28,35.18,100,0,0,F,N
AA,20070504,9:55:30,35.17,100,0,0,E,N
AA,20070504,9:55:31,35.18,200,0,0,E,P
AA,20070504,9:55:31,35.18,100,0,0,E,P
AA,20070504,9:55:31,35.18,100,0,0,@,T
AA,20070504,9:55:31,35.18,500,0,0,@,T
AA,20070504,9:55:31,35.18,100,0,0,@,T
AA,20070504,9:55:31,35.18,100,0,0,@,T
AA,20070504,9:55:31,35.18,100,0,0,E,N
AA,20070504,9:55:31,35.17,200,0,0,@,T
AA,20070504,9:55:31,35.17,100,0,0,@,T
AA,20070504,9:55:31,35.17,100,0,0,@,T
AA,20070504,9:55:31,35.17,100,0,0,@,T
AA,20070504,9:55:31,35.17,200,0,0,@,T
AA,20070504,9:55:31,35.18,100,0,0,E,N
AA,20070504,9:55:31,35.17,200,0,0,E,N
AA,20070504,9:55:33,35.17,400,0,0,E,N
AA,20070504,9:55:33,35.17,300,0,0,@,T
AA,20070504,9:55:34,35.16,100,0,0,@,T
AA,20070504,9:55:36,35.17,200,0,0,@,D
AA,20070504,9:55:36,35.17,100,0,0,@,D
AA,20070504,9:55:43,35.17,700,0,0,F,N
AA,20070504,9:55:43,35.17,200,0,0,@,D
AA,20070504,9:55:44,35.18,200,0,0,E,N
AA,20070504,9:55:44,35.17,300,0,0,E,N
AA,20070504,9:55:44,35.18,100,0,0,E,N
AA,20070504,9:55:45,35.17,200,0,0,@,I
AA,20070504,9:55:52,35.18,100,0,0,E,N
AA,20070504,9:56:10,35.17,300,0,0,E,N
AA,20070504,9:56:11,35.17,500,0,0,E,N
AA,20070504,9:56:17,35.17,200,0,0,E,N
AA,20070504,9:56:19,35.17,100,0,0,@,T
AA,20070504,9:56:19,35.17,200,0,0,@,T
AA,20070504,9:56:19,35.17,100,0,0,@,T
AA,20070504,9:56:25,35.17,200,0,0,@,T
AA,20070504,9:56:25,35.17,600,0,0,@,N
AA,20070504,9:56:27,35.18,100,0,0,E,N
AA,20070504,9:56:27,35.17,500,0,0,@,N
AA,20070504,9:56:27,35.17,200,0,0,E,P
AA,20070504,9:56:27,35.17,700,0,0,@,D
AA,20070504,9:56:31,35.16,100,0,0,@,T
AA,20070504,9:56:31,35.16,100,0,0,@,T
AA,20070504,9:56:31,35.16,200,0,0,@,T
AA,20070504,9:56:31,35.16,100,0,0,@,T
AA,20070504,9:56:31,35.16,3200,0,0,@,N
AA,20070504,9:56:31,35.17,100,0,0,E,P
AA,20070504,9:56:31,35.17,100,0,0,E,P
AA,20070504,9:56:31,35.17,100,0,0,E,N
AA,20070504,9:56:31,35.17,100,0,0,E,N
AA,20070504,9:56:33,35.17,200,0,0,E,N
AA,20070504,9:56:34,35.17,100,0,0,@,T
AA,20070504,9:56:34,35.17,100,0,0,@,T
AA,20070504,9:56:34,35.17,100,0,0,E,P
AA,20070504,9:56:34,35.17,100,0,0,E,N
AA,20070504,9:56:35,35.17,100,0,0,@,T
AA,20070504,9:56:39,35.18,100,0,0,@,T
AA,20070504,9:56:39,35.18,100,0,0,@,T
AA,20070504,9:56:39,35.18,100,0,0,@,T
AA,20070504,9:56:39,35.18,100,0,0,@,T
AA,20070504,9:56:39,35.18,100,0,0,@,T
AA,20070504,9:56:39,35.18,100,0,0,@,T
AA,20070504,9:56:39,35.18,100,0,0,@,T
AA,20070504,9:56:39,35.18,100,0,0,@,T
AA,20070504,9:56:39,35.18,100,0,0,@,T
AA,20070504,9:56:39,35.18,100,0,0,@,T
AA,20070504,9:56:40,35.18,200,0,0,E,P
AA,20070504,9:56:40,35.18,100,0,0,E,P
AA,20070504,9:56:40,35.18,200,0,0,E,P
AA,20070504,9:56:40,35.18,300,0,0,E,P
AA,20070504,9:56:40,35.18,1100,0,0,E,N
AA,20070504,9:56:41,35.18,200,0,0,E,N
AA,20070504,9:56:42,35.18,2500,0,0,F,N
AA,20070504,9:56:42,35.18,100,0,0,E,N
AA,20070504,9:56:43,35.18,100,0,0,E,N
AA,20070504,9:56:46,35.18,100,0,0,E,N
AA,20070504,9:56:47,35.18,600,0,0,E,N
AA,20070504,9:56:47,35.17,100,0,0,F,N
AA,20070504,9:56:50,35.17,800,0,0,E,N
AA,20070504,9:56:50,35.18,100,0,0,@,T
AA,20070504,9:56:50,35.18,100,0,0,@,D
AA,20070504,9:56:50,35.18,100,0,0,@,T
AA,20070504,9:56:53,35.19,100,0,0,E,P
AA,20070504,9:56:53,35.19,100,0,0,E,P
AA,20070504,9:56:53,35.19,100,0,0,E,P
AA,20070504,9:56:53,35.19,100,0,0,E,P
AA,20070504,9:56:53,35.19,100,0,0,E,P
AA,20070504,9:56:54,35.19,400,0,0,E,N
AA,20070504,9:56:55,35.19,200,0,0,E,N
AA,20070504,9:57:03,35.18,900,0,0,E,N
AA,20070504,9:57:04,35.18,100,0,0,E,P
AA,20070504,9:57:04,35.18,100,0,0,E,N
AA,20070504,9:57:05,35.19,100,0,0,E,P
AA,20070504,9:57:05,35.19,300,0,0,E,P
AA,20070504,9:57:06,35.19,300,0,0,@,D
AA,20070504,9:57:07,35.17,100,0,0,E,N
AA,20070504,9:57:07,35.18,200,0,0,@,T
AA,20070504,9:57:08,35.18,100,0,0,@,D
AA,20070504,9:57:08,35.18,200,0,0,@,T
AA,20070504,9:57:08,35.18,400,0,0,E,N
AA,20070504,9:57:08,35.19,400,0,0,E,N
AA,20070504,9:57:11,35.19,500,0,0,E,N
AA,20070504,9:57:17,35.19,600,0,0,E,P
AA,20070504,9:57:18,35.181,400,0,0,@,D
AA,20070504,9:57:19,35.19,300,0,0,@,T
AA,20070504,9:57:19,35.19,400,0,0,E,P
AA,20070504,9:57:20,35.19,400,0,0,@,T
AA,20070504,9:57:20,35.19,200,0,0,@,T
AA,20070504,9:57:23,35.2,100,0,0,@,D
AA,20070504,9:57:23,35.2,100,0,0,@,T
AA,20070504,9:57:23,35.2,100,0,0,@,T
AA,20070504,9:57:23,35.19,600,0,0,E,N
AA,20070504,9:57:23,35.19,100,0,0,@,T
AA,20070504,9:57:23,35.19,100,0,0,@,T
AA,20070504,9:57:23,35.19,100,0,0,@,T
AA,20070504,9:57:28,35.2,100,0,0,E,P
AA,20070504,9:57:28,35.2,100,0,0,E,P
AA,20070504,9:57:28,35.2,200,0,0,E,P
AA,20070504,9:57:28,35.2,300,0,0,@,T
AA,20070504,9:57:28,35.2,100,0,0,@,T
AA,20070504,9:57:29,35.2,600,0,0,@,T
AA,20070504,9:57:29,35.2,300,0,0,F,N
AA,20070504,9:57:30,35.2,100,0,0,E,N
AA,20070504,9:57:33,35.2,2100,0,0,@,D
AA,20070504,9:57:40,35.2,900,0,0,@,T
AA,20070504,9:57:40,35.2,100,0,0,E,P
AA,20070504,9:57:40,35.2,100,0,0,E,P
AA,20070504,9:57:40,35.2,700,0,0,E,P
AA,20070504,9:57:42,35.19,100,0,0,@,T
AA,20070504,9:57:42,35.19,100,0,0,@,T
AA,20070504,9:57:42,35.19,100,0,0,@,T
AA,20070504,9:57:42,35.19,100,0,0,@,T
AA,20070504,9:57:43,35.19,200,0,0,E,N
AA,20070504,9:57:46,35.19,100,0,0,@,T
AA,20070504,9:57:46,35.19,100,0,0,@,T
AA,20070504,9:57:51,35.2,800,0,0,@,T
AA,20070504,9:57:51,35.2,100,0,0,E,P
AA,20070504,9:57:52,35.2,200,0,0,E,P
AA,20070504,9:57:52,35.2,200,0,0,E,P
AA,20070504,9:57:52,35.2,500,0,0,E,P
AA,20070504,9:57:53,35.19,300,0,0,E,N
AA,20070504,9:58:03,35.19,200,0,0,@,T
AA,20070504,9:58:03,35.19,100,0,0,@,T
AA,20070504,9:58:03,35.19,100,0,0,@,T
AA,20070504,9:58:03,35.19,100,0,0,@,T
AA,20070504,9:58:04,35.2,300,0,0,E,P
AA,20070504,9:58:04,35.19,500,0,0,E,N
AA,20070504,9:58:08,35.2,200,0,0,E,P
AA,20070504,9:58:08,35.2,100,0,0,E,P
AA,20070504,9:58:08,35.2,200,0,0,E,P
AA,20070504,9:58:08,35.2,100,0,0,E,P
AA,20070504,9:58:14,35.2,700,0,0,@,T
