"","SYMBOL","DATE","TIME","PRICE","SIZE","G127","CORR","COND","EX"
"3","AA",20070504,"9:30:12",35.15,500,0,0,"E","N"
"4","AA",20070504,"9:30:12",35.15,1100,0,0,"E","N"
"9","AA",20070504,"9:30:13",35.1,100,0,0,"E","P"
"10","AA",20070504,"9:30:13",35.14,100,0,0,"E","N"
"11","AA",20070504,"9:30:13",35.15,400,0,0,"E","N"
"12","AA",20070504,"9:30:13",35.1,100,0,0,"E","N"
"13","AA",20070504,"9:30:14",35.07,100,0,0,"E","P"
"14","AA",20070504,"9:30:14",35.06,300,0,0,"E","N"
"15","AA",20070504,"9:30:14",35.06,100,0,0,"E","N"
"16","AA",20070504,"9:30:15",35.07,100,0,0,"E","P"
"17","AA",20070504,"9:30:15",35.08,100,0,0,"E","N"
"18","AA",20070504,"9:30:15",35.09,300,0,0,"E","N"
"19","AA",20070504,"9:30:15",35.1,100,0,0,"E","N"
"20","AA",20070504,"9:30:16",35.1,100,0,0,"E","N"
"21","AA",20070504,"9:30:16",35.1,200,0,0,"E","N"
"22","AA",20070504,"9:30:16",35.1,200,0,0,"E","N"
"23","AA",20070504,"9:30:16",35.09,100,0,0,"E","N"
"28","AA",20070504,"9:30:16",35.09,200,0,0,"E","N"
"29","AA",20070504,"9:30:16",35.09,100,0,0,"E","N"
"30","AA",20070504,"9:30:17",35.09,300,0,0,"E","N"
"31","AA",20070504,"9:30:17",35.09,100,0,0,"E","N"
"32","AA",20070504,"9:30:17",35.09,100,0,0,"E","N"
"33","AA",20070504,"9:30:17",35.09,200,0,0,"E","N"
"34","AA",20070504,"9:30:17",35.09,100,0,0,"E","N"
"35","AA",20070504,"9:30:17",35.09,100,0,0,"E","N"
"36","AA",20070504,"9:30:17",35.08,100,0,0,"E","P"
"37","AA",20070504,"9:30:17",35.09,100,0,0,"E","N"
"38","AA",20070504,"9:30:18",35.08,100,0,0,"F","N"
"39","AA",20070504,"9:30:19",35.12,300,0,0,"E","N"
"41","AA",20070504,"9:30:19",35.12,100,0,0,"E","N"
"42","AA",20070504,"9:30:20",35.13,200,0,0,"E","N"
"44","AA",20070504,"9:30:22",35.14,300,0,0,"E","N"
"45","AA",20070504,"9:30:22",35.14,100,0,0,"E","P"
"46","AA",20070504,"9:30:22",35.14,100,0,0,"E","P"
"47","AA",20070504,"9:30:22",35.14,100,0,0,"E","P"
"48","AA",20070504,"9:30:23",35.14,100,0,0,"E","P"
"53","AA",20070504,"9:30:23",35.14,100,0,0,"F","N"
"55","AA",20070504,"9:30:23",35.13,100,0,0,"E","N"
"56","AA",20070504,"9:30:23",35.12,100,0,0,"E","N"
"57","AA",20070504,"9:30:24",35.1,100,0,0,"E","N"
"58","AA",20070504,"9:30:24",35.09,200,0,0,"E","N"
"62","AA",20070504,"9:30:24",35.09,100,0,0,"E","N"
"63","AA",20070504,"9:30:24",35.09,200,0,0,"E","N"
"66","AA",20070504,"9:30:24",35.08,100,0,0,"E","N"
"67","AA",20070504,"9:30:25",35.08,100,0,0,"E","N"
"68","AA",20070504,"9:30:25",35.07,900,0,0,"E","N"
"69","AA",20070504,"9:30:26",35.08,400,0,0,"E","N"
"73","AA",20070504,"9:30:32",35.07,600,0,0,"E","N"
"74","AA",20070504,"9:30:34",35.09,200,0,0,"E","N"
"77","AA",20070504,"9:30:34",35.09,100,0,0,"E","P"
"80","AA",20070504,"9:30:34",35.09,100,0,0,"E","N"
"81","AA",20070504,"9:30:34",35.09,100,0,0,"E","N"
"90","AA",20070504,"9:30:34",35.09,200,0,0,"F","N"
"91","AA",20070504,"9:30:35",35.09,100,0,0,"F","N"
"92","AA",20070504,"9:30:36",35.09,100,0,0,"E","N"
"94","AA",20070504,"9:30:41",35.09,100,0,0,"E","N"
"95","AA",20070504,"9:30:44",35.07,1100,0,0,"F","N"
"96","AA",20070504,"9:30:45",35.07,100,0,0,"E","N"
"97","AA",20070504,"9:30:45",35.07,100,0,0,"E","N"
"98","AA",20070504,"9:30:47",35.08,100,0,0,"E","N"
"99","AA",20070504,"9:30:47",35.08,100,0,0,"E","N"
"102","AA",20070504,"9:30:49",35.08,300,0,0,"E","N"
"103","AA",20070504,"9:30:49",35.08,100,0,0,"E","N"
"104","AA",20070504,"9:30:49",35.08,100,0,0,"E","N"
"105","AA",20070504,"9:30:49",35.09,300,0,0,"E","N"
"106","AA",20070504,"9:30:49",35.08,100,0,0,"E","N"
"107","AA",20070504,"9:30:51",35.08,100,0,0,"E","N"
"108","AA",20070504,"9:30:51",35.08,100,0,0,"E","N"
"109","AA",20070504,"9:30:53",35.08,200,0,0,"E","N"
"111","AA",20070504,"9:30:54",35.08,200,0,0,"E","N"
"112","AA",20070504,"9:30:56",35.08,100,0,0,"E","N"
"113","AA",20070504,"9:30:56",35.08,100,0,0,"E","N"
"114","AA",20070504,"9:30:57",35.1,100,0,0,"E","N"
"116","AA",20070504,"9:31:01",35.11,100,0,0,"E","P"
"117","AA",20070504,"9:31:02",35.11,100,0,0,"E","N"
"118","AA",20070504,"9:31:02",35.12,300,0,0,"E","N"
"122","AA",20070504,"9:31:03",35.13,400,0,0,"E","N"
"125","AA",20070504,"9:31:03",35.12,100,0,0,"E","P"
"126","AA",20070504,"9:31:03",35.12,100,0,0,"E","P"
"127","AA",20070504,"9:31:07",35.13,500,0,0,"E","N"
"134","AA",20070504,"9:31:11",35.13,100,0,0,"E","P"
"136","AA",20070504,"9:31:11",35.13,200,0,0,"E","N"
"137","AA",20070504,"9:31:12",35.12,200,0,0,"E","N"
"138","AA",20070504,"9:31:12",35.14,1200,0,0,"E","N"
"139","AA",20070504,"9:31:12",35.12,100,0,0,"E","P"
"140","AA",20070504,"9:31:12",35.12,100,0,0,"E","P"
"143","AA",20070504,"9:31:12",35.12,200,0,0,"E","N"
"144","AA",20070504,"9:31:12",35.12,100,0,0,"E","N"
"145","AA",20070504,"9:31:12",35.12,100,0,0,"E","N"
"146","AA",20070504,"9:31:13",35.12,200,0,0,"F","N"
"149","AA",20070504,"9:31:13",35.12,100,0,0,"E","P"
"150","AA",20070504,"9:31:13",35.12,100,0,0,"E","P"
"152","AA",20070504,"9:31:17",35.14,100,0,0,"E","N"
"153","AA",20070504,"9:31:17",35.14,100,0,0,"E","N"
"154","AA",20070504,"9:31:18",35.14,1000,0,0,"F","N"
"155","AA",20070504,"9:31:19",35.14,500,0,0,"E","N"
"156","AA",20070504,"9:31:19",35.14,100,0,0,"E","N"
"157","AA",20070504,"9:31:19",35.14,100,0,0,"E","N"
"158","AA",20070504,"9:31:22",35.14,100,0,0,"E","N"
"159","AA",20070504,"9:31:22",35.14,100,0,0,"E","N"
"160","AA",20070504,"9:31:24",35.14,100,0,0,"E","N"
"161","AA",20070504,"9:31:24",35.14,100,0,0,"E","N"
"162","AA",20070504,"9:31:24",35.14,100,0,0,"E","N"
"163","AA",20070504,"9:31:24",35.13,400,0,0,"E","N"
"164","AA",20070504,"9:31:24",35.12,100,0,0,"E","N"
"167","AA",20070504,"9:31:24",35.13,100,0,0,"E","P"
"168","AA",20070504,"9:31:24",35.13,100,0,0,"E","P"
"169","AA",20070504,"9:31:24",35.13,100,0,0,"E","P"
"176","AA",20070504,"9:31:25",35.14,100,0,0,"E","N"
"177","AA",20070504,"9:31:26",35.12,500,0,0,"E","N"
"178","AA",20070504,"9:31:27",35.13,100,0,0,"E","N"
"179","AA",20070504,"9:31:28",35.12,900,0,0,"E","N"
"180","AA",20070504,"9:31:28",35.12,900,0,0,"E","N"
"181","AA",20070504,"9:31:31",35.12,1800,0,0,"F","N"
"182","AA",20070504,"9:31:32",35.12,1300,0,0,"E","N"
"183","AA",20070504,"9:31:32",35.12,100,0,0,"E","N"
"184","AA",20070504,"9:31:32",35.12,100,0,0,"E","N"
"185","AA",20070504,"9:31:33",35.12,200,0,0,"E","N"
"187","AA",20070504,"9:31:33",35.13,200,0,0,"E","N"
"188","AA",20070504,"9:31:33",35.14,100,0,0,"E","N"
"191","AA",20070504,"9:31:33",35.13,100,0,0,"E","P"
"192","AA",20070504,"9:31:33",35.13,100,0,0,"E","P"
"195","AA",20070504,"9:31:33",35.12,500,0,0,"E","N"
"196","AA",20070504,"9:31:34",35.12,300,0,0,"E","N"
"197","AA",20070504,"9:31:34",35.13,100,0,0,"E","P"
"198","AA",20070504,"9:31:34",35.13,100,0,0,"E","P"
"205","AA",20070504,"9:31:46",35.09,100,0,0,"E","P"
"206","AA",20070504,"9:31:46",35.09,100,0,0,"E","P"
"207","AA",20070504,"9:31:50",35.08,200,0,0,"E","N"
"208","AA",20070504,"9:31:57",35.09,800,0,0,"E","N"
"209","AA",20070504,"9:31:57",35.09,100,0,0,"E","N"
"210","AA",20070504,"9:31:57",35.09,100,0,0,"E","N"
"211","AA",20070504,"9:31:57",35.09,100,0,0,"E","N"
"212","AA",20070504,"9:31:58",35.09,100,0,0,"E","N"
"213","AA",20070504,"9:31:58",35.1,100,0,0,"E","N"
"214","AA",20070504,"9:31:59",35.11,100,0,0,"E","N"
"215","AA",20070504,"9:31:59",35.11,100,0,0,"E","N"
"218","AA",20070504,"9:32:00",35.12,100,0,0,"F","N"
"219","AA",20070504,"9:32:01",35.13,1000,0,0,"E","N"
"220","AA",20070504,"9:32:03",35.13,300,0,0,"E","N"
"221","AA",20070504,"9:32:06",35.13,800,0,0,"E","N"
"222","AA",20070504,"9:32:07",35.13,100,0,0,"F","N"
"223","AA",20070504,"9:32:07",35.13,300,0,0,"E","N"
"224","AA",20070504,"9:32:08",35.13,100,0,0,"E","N"
"225","AA",20070504,"9:32:08",35.13,100,0,0,"E","N"
"227","AA",20070504,"9:32:09",35.14,300,0,0,"E","N"
"230","AA",20070504,"9:32:11",35.14,100,0,0,"F","P"
"231","AA",20070504,"9:32:12",35.15,100,0,0,"E","N"
"232","AA",20070504,"9:32:12",35.15,200,0,0,"E","N"
"233","AA",20070504,"9:32:14",35.14,100,0,0,"E","P"
"234","AA",20070504,"9:32:14",35.14,100,0,0,"E","P"
"235","AA",20070504,"9:32:14",35.14,100,0,0,"E","P"
"236","AA",20070504,"9:32:15",35.14,600,0,0,"E","N"
"240","AA",20070504,"9:32:16",35.14,100,0,0,"E","N"
"242","AA",20070504,"9:32:16",35.14,200,0,0,"E","N"
"243","AA",20070504,"9:32:16",35.14,300,0,0,"E","N"
"244","AA",20070504,"9:32:17",35.14,100,0,0,"F","N"
"248","AA",20070504,"9:32:21",35.14,200,0,0,"E","N"
"252","AA",20070504,"9:32:23",35.14,500,0,0,"E","N"
"253","AA",20070504,"9:32:25",35.14,500,0,0,"E","N"
"254","AA",20070504,"9:32:29",35.14,600,0,0,"E","N"
"255","AA",20070504,"9:32:32",35.14,600,0,0,"E","N"
"256","AA",20070504,"9:32:33",35.14,100,0,0,"E","N"
"257","AA",20070504,"9:32:33",35.14,400,0,0,"E","N"
"258","AA",20070504,"9:32:34",35.15,100,0,0,"E","N"
"259","AA",20070504,"9:32:34",35.15,100,0,0,"E","N"
"260","AA",20070504,"9:32:34",35.15,100,0,0,"E","N"
"261","AA",20070504,"9:32:34",35.15,100,0,0,"E","N"
"262","AA",20070504,"9:32:35",35.16,100,0,0,"F","N"
"263","AA",20070504,"9:32:36",35.16,100,0,0,"E","N"
"266","AA",20070504,"9:32:36",35.16,100,0,0,"E","N"
"267","AA",20070504,"9:32:37",35.16,100,0,0,"E","N"
"268","AA",20070504,"9:32:38",35.15,100,0,0,"E","N"
"269","AA",20070504,"9:32:41",35.15,200,0,0,"E","N"
"270","AA",20070504,"9:32:41",35.14,1500,0,0,"F","N"
"271","AA",20070504,"9:32:41",35.15,100,0,0,"E","N"
"272","AA",20070504,"9:32:41",35.14,100,0,0,"F","C"
"273","AA",20070504,"9:32:41",35.14,100,0,0,"F","C"
"274","AA",20070504,"9:32:41",35.14,100,0,0,"F","C"
"275","AA",20070504,"9:32:44",35.15,2000,0,0,"E","N"
"276","AA",20070504,"9:32:46",35.15,100,0,0,"E","N"
"277","AA",20070504,"9:32:46",35.15,100,0,0,"E","N"
"278","AA",20070504,"9:32:52",35.14,1000,0,0,"E","N"
"280","AA",20070504,"9:33:00",35.14,200,0,0,"E","N"
"281","AA",20070504,"9:33:00",35.14,100,0,0,"E","N"
"282","AA",20070504,"9:33:00",35.14,100,0,0,"E","N"
"283","AA",20070504,"9:33:01",35.14,1100,0,0,"E","N"
"284","AA",20070504,"9:33:01",35.14,1000,0,0,"E","N"
"285","AA",20070504,"9:33:02",35.14,100,0,0,"E","N"
"288","AA",20070504,"9:33:04",35.12,300,0,0,"E","N"
"289","AA",20070504,"9:33:07",35.11,100,0,0,"E","N"
"290","AA",20070504,"9:33:07",35.1,400,0,0,"E","N"
"291","AA",20070504,"9:33:10",35.1,100,0,0,"E","P"
"292","AA",20070504,"9:33:10",35.1,100,0,0,"E","P"
"293","AA",20070504,"9:33:10",35.1,100,0,0,"E","P"
"296","AA",20070504,"9:33:13",35.11,800,0,0,"E","N"
"297","AA",20070504,"9:33:13",35.12,1800,0,0,"E","N"
"298","AA",20070504,"9:33:13",35.13,300,0,0,"E","N"
"299","AA",20070504,"9:33:13",35.14,1300,0,0,"E","N"
"300","AA",20070504,"9:33:13",35.14,200,0,0,"E","N"
"301","AA",20070504,"9:33:13",35.11,100,0,0,"E","N"
"302","AA",20070504,"9:33:13",35.11,100,0,0,"E","N"
"303","AA",20070504,"9:33:14",35.11,700,0,0,"E","N"
"304","AA",20070504,"9:33:14",35.11,100,0,0,"E","N"
"305","AA",20070504,"9:33:14",35.11,400,0,0,"E","N"
"306","AA",20070504,"9:33:14",35.14,100,0,0,"E","P"
"307","AA",20070504,"9:33:14",35.14,100,0,0,"E","P"
"308","AA",20070504,"9:33:14",35.12,100,0,0,"E","P"
"309","AA",20070504,"9:33:14",35.12,100,0,0,"E","P"
"314","AA",20070504,"9:33:14",35.11,500,0,0,"E","N"
"316","AA",20070504,"9:33:14",35.11,200,0,0,"E","N"
"318","AA",20070504,"9:33:14",35.11,100,0,0,"E","N"
"319","AA",20070504,"9:33:14",35.11,200,0,0,"E","N"
"320","AA",20070504,"9:33:14",35.11,1100,0,0,"E","N"
"321","AA",20070504,"9:33:15",35.12,100,0,0,"E","P"
"325","AA",20070504,"9:33:16",35.11,100,0,0,"E","N"
"326","AA",20070504,"9:33:16",35.12,100,0,0,"E","N"
"327","AA",20070504,"9:33:16",35.12,100,0,0,"E","N"
"328","AA",20070504,"9:33:16",35.11,100,0,0,"E","P"
"329","AA",20070504,"9:33:16",35.11,100,0,0,"E","P"
"330","AA",20070504,"9:33:16",35.11,100,0,0,"F","C"
"332","AA",20070504,"9:33:17",35.11,100,0,0,"E","N"
"333","AA",20070504,"9:33:17",35.11,100,0,0,"E","P"
"335","AA",20070504,"9:33:18",35.12,300,0,0,"E","N"
"336","AA",20070504,"9:33:18",35.12,100,0,0,"E","N"
"339","AA",20070504,"9:33:19",35.12,100,0,0,"E","P"
"340","AA",20070504,"9:33:19",35.12,100,0,0,"E","N"
"344","AA",20070504,"9:33:21",35.11,100,0,0,"E","P"
"346","AA",20070504,"9:33:21",35.11,600,0,0,"E","N"
"348","AA",20070504,"9:33:22",35.13,100,0,0,"E","P"
"350","AA",20070504,"9:33:22",35.1,400,0,0,"E","N"
"351","AA",20070504,"9:33:23",35.11,100,0,0,"E","N"
"353","AA",20070504,"9:33:23",35.11,400,0,0,"E","N"
"354","AA",20070504,"9:33:23",35.11,700,0,0,"E","N"
"355","AA",20070504,"9:33:23",35.11,300,0,0,"E","N"
"356","AA",20070504,"9:33:23",35.1,500,0,0,"E","N"
"358","AA",20070504,"9:33:25",35.12,300,0,0,"E","N"
"359","AA",20070504,"9:33:25",35.11,100,0,0,"E","P"
"361","AA",20070504,"9:33:27",35.12,300,0,0,"E","N"
"362","AA",20070504,"9:33:27",35.12,300,0,0,"E","N"
"363","AA",20070504,"9:33:29",35.12,600,0,0,"E","N"
"364","AA",20070504,"9:33:30",35.12,100,0,0,"E","N"
"365","AA",20070504,"9:33:30",35.12,100,0,0,"E","P"
"366","AA",20070504,"9:33:30",35.12,100,0,0,"E","N"
"367","AA",20070504,"9:33:30",35.12,200,0,0,"E","N"
"368","AA",20070504,"9:33:30",35.13,600,0,0,"E","N"
"369","AA",20070504,"9:33:30",35.13,100,0,0,"E","P"
"370","AA",20070504,"9:33:31",35.12,200,0,0,"E","N"
"374","AA",20070504,"9:33:31",35.12,200,0,0,"E","N"
"375","AA",20070504,"9:33:32",35.13,200,0,0,"E","N"
"376","AA",20070504,"9:33:33",35.12,100,0,0,"E","N"
"377","AA",20070504,"9:33:33",35.12,100,0,0,"E","N"
"380","AA",20070504,"9:33:33",35.12,100,0,0,"E","P"
"383","AA",20070504,"9:33:34",35.11,400,0,0,"E","N"
"384","AA",20070504,"9:33:34",35.1,1400,0,0,"E","N"
"385","AA",20070504,"9:33:34",35.11,100,0,0,"E","P"
"388","AA",20070504,"9:33:34",35.11,100,0,0,"E","N"
"389","AA",20070504,"9:33:34",35.1,200,0,0,"E","N"
"390","AA",20070504,"9:33:39",35.11,100,0,0,"E","N"
"393","AA",20070504,"9:33:40",35.11,700,0,0,"E","N"
"394","AA",20070504,"9:33:43",35.1,2000,0,0,"E","N"
"395","AA",20070504,"9:33:43",35.11,100,0,0,"E","P"
"396","AA",20070504,"9:33:45",35.1,1000,0,0,"E","N"
"399","AA",20070504,"9:33:45",35.11,100,0,0,"E","P"
"400","AA",20070504,"9:33:53",35.1,100,0,0,"F","C"
"402","AA",20070504,"9:33:53",35.1,1700,0,0,"F","N"
"403","AA",20070504,"9:33:53",35.1,700,0,0,"E","N"
"404","AA",20070504,"9:33:54",35.1,100,0,0,"E","N"
"405","AA",20070504,"9:33:54",35.1,100,0,0,"E","N"
"406","AA",20070504,"9:33:54",35.1,1300,0,0,"E","N"
"407","AA",20070504,"9:33:54",35.1,100,0,0,"E","N"
"408","AA",20070504,"9:33:55",35.1,100,0,0,"E","N"
"410","AA",20070504,"9:33:55",35.11,200,0,0,"E","N"
"414","AA",20070504,"9:33:56",35.08,1000,0,0,"E","N"
"416","AA",20070504,"9:33:57",35.08,100,0,0,"E","N"
"417","AA",20070504,"9:33:58",35.07,100,0,0,"E","N"
"418","AA",20070504,"9:33:58",35.07,100,0,0,"E","N"
"419","AA",20070504,"9:33:58",35.07,100,0,0,"E","N"
"420","AA",20070504,"9:34:00",35.07,100,0,0,"E","N"
"421","AA",20070504,"9:34:00",35.07,100,0,0,"E","N"
"422","AA",20070504,"9:34:00",35.07,100,0,0,"E","N"
"423","AA",20070504,"9:34:02",35.07,100,0,0,"E","N"
"424","AA",20070504,"9:34:02",35.07,100,0,0,"E","N"
"425","AA",20070504,"9:34:02",35.07,1500,0,0,"E","N"
"426","AA",20070504,"9:34:02",35.07,100,0,0,"E","N"
"427","AA",20070504,"9:34:03",35.07,100,0,0,"E","N"
"428","AA",20070504,"9:34:03",35.07,100,0,0,"E","N"
"429","AA",20070504,"9:34:03",35.07,300,0,0,"E","N"
"430","AA",20070504,"9:34:03",35.07,100,0,0,"E","N"
"431","AA",20070504,"9:34:04",35.06,100,0,0,"E","N"
"436","AA",20070504,"9:34:04",35.06,100,0,0,"E","P"
"437","AA",20070504,"9:34:05",35.05,100,0,0,"E","P"
"439","AA",20070504,"9:34:06",35.05,1900,0,0,"F","N"
"443","AA",20070504,"9:34:07",35.06,1500,0,0,"F","N"
"444","AA",20070504,"9:34:07",35.05,100,0,0,"E","N"
"445","AA",20070504,"9:34:07",35.05,100,0,0,"E","N"
"446","AA",20070504,"9:34:07",35.05,100,0,0,"E","N"
"447","AA",20070504,"9:34:08",35.05,100,0,0,"E","N"
"448","AA",20070504,"9:34:08",35.05,900,0,0,"E","N"
"449","AA",20070504,"9:34:09",35.06,100,0,0,"E","N"
"450","AA",20070504,"9:34:09",35.06,100,0,0,"E","N"
"452","AA",20070504,"9:34:09",35.06,2200,0,0,"E","N"
"453","AA",20070504,"9:34:09",35.07,700,0,0,"E","N"
"454","AA",20070504,"9:34:09",35.08,2100,0,0,"E","N"
"455","AA",20070504,"9:34:09",35.09,500,0,0,"E","N"
"456","AA",20070504,"9:34:09",35.1,500,0,0,"E","N"
"457","AA",20070504,"9:34:09",35.1,100,0,0,"E","N"
"458","AA",20070504,"9:34:10",35.1,100,0,0,"E","N"
"466","AA",20070504,"9:34:10",35.1,100,0,0,"E","N"
"467","AA",20070504,"9:34:10",35.07,100,0,0,"F","P"
"468","AA",20070504,"9:34:10",35.07,100,0,0,"F","P"
"469","AA",20070504,"9:34:10",35.11,100,0,0,"E","P"
"473","AA",20070504,"9:34:10",35.1,500,0,0,"E","N"
"474","AA",20070504,"9:34:10",35.1,100,0,0,"E","N"
"476","AA",20070504,"9:34:10",35.1,1000,0,0,"E","N"
"478","AA",20070504,"9:34:11",35.1,100,0,0,"E","N"
"479","AA",20070504,"9:34:11",35.1,1000,0,0,"E","N"
"494","AA",20070504,"9:34:11",35.1,500,0,0,"E","N"
"495","AA",20070504,"9:34:11",35.1,200,0,0,"E","N"
"496","AA",20070504,"9:34:11",35.1,100,0,0,"E","N"
"497","AA",20070504,"9:34:11",35.1,1000,0,0,"E","N"
"499","AA",20070504,"9:34:11",35.1,200,0,0,"E","N"
"500","AA",20070504,"9:34:11",35.1,100,0,0,"E","N"
"502","AA",20070504,"9:34:11",35.12,100,0,0,"E","P"
"503","AA",20070504,"9:34:11",35.12,100,0,0,"E","N"
"504","AA",20070504,"9:34:11",35.12,100,0,0,"E","P"
"505","AA",20070504,"9:34:11",35.12,100,0,0,"E","P"
"506","AA",20070504,"9:34:11",35.12,100,0,0,"E","P"
"507","AA",20070504,"9:34:11",35.12,100,0,0,"E","P"
"508","AA",20070504,"9:34:11",35.12,100,0,0,"E","P"
"512","AA",20070504,"9:34:11",35.12,100,0,0,"E","N"
"513","AA",20070504,"9:34:11",35.12,100,0,0,"E","N"
"515","AA",20070504,"9:34:12",35.12,200,0,0,"F","N"
"516","AA",20070504,"9:34:12",35.13,100,0,0,"E","N"
"517","AA",20070504,"9:34:12",35.13,200,0,0,"E","N"
"518","AA",20070504,"9:34:12",35.12,400,0,0,"E","N"
"519","AA",20070504,"9:34:12",35.11,200,0,0,"E","N"
"523","AA",20070504,"9:34:12",35.14,300,0,0,"E","N"
"524","AA",20070504,"9:34:13",35.14,100,0,0,"E","P"
"525","AA",20070504,"9:34:13",35.14,100,0,0,"E","P"
"527","AA",20070504,"9:34:13",35.13,100,0,0,"E","P"
"528","AA",20070504,"9:34:13",35.13,100,0,0,"E","P"
"529","AA",20070504,"9:34:13",35.14,100,0,0,"E","N"
"530","AA",20070504,"9:34:13",35.15,100,0,0,"E","N"
"531","AA",20070504,"9:34:16",35.14,100,0,0,"E","P"
"532","AA",20070504,"9:34:17",35.15,400,0,0,"E","N"
"533","AA",20070504,"9:34:18",35.14,900,0,0,"E","N"
"534","AA",20070504,"9:34:22",35.13,100,0,0,"E","N"
"535","AA",20070504,"9:34:22",35.14,100,0,0,"E","N"
"537","AA",20070504,"9:34:22",35.14,100,0,0,"E","N"
"538","AA",20070504,"9:34:24",35.15,300,0,0,"F","N"
"539","AA",20070504,"9:34:24",35.15,1000,0,0,"E","N"
"540","AA",20070504,"9:34:24",35.15,100,0,0,"F","N"
"543","AA",20070504,"9:34:24",35.14,100,0,0,"E","P"
"545","AA",20070504,"9:34:25",35.14,200,0,0,"F","N"
"546","AA",20070504,"9:34:25",35.15,100,0,0,"E","P"
"547","AA",20070504,"9:34:26",35.14,100,0,0,"E","P"
"550","AA",20070504,"9:34:29",35.12,100,0,0,"E","P"
"559","AA",20070504,"9:34:36",35.11,100,0,0,"F","N"
"560","AA",20070504,"9:34:37",35.13,200,0,0,"E","N"
"561","AA",20070504,"9:34:37",35.14,100,0,0,"E","N"
"562","AA",20070504,"9:34:38",35.13,100,0,0,"E","N"
"565","AA",20070504,"9:34:38",35.13,100,0,0,"E","N"
"570","AA",20070504,"9:34:38",35.13,100,0,0,"E","P"
"572","AA",20070504,"9:34:38",35.15,100,0,0,"E","P"
"573","AA",20070504,"9:34:39",35.13,100,0,0,"E","N"
"574","AA",20070504,"9:34:39",35.12,100,0,0,"E","P"
"576","AA",20070504,"9:34:39",35.13,100,0,0,"E","N"
"577","AA",20070504,"9:34:39",35.12,100,0,0,"E","N"
"578","AA",20070504,"9:34:39",35.13,100,0,0,"E","N"
"579","AA",20070504,"9:34:39",35.14,100,0,0,"E","N"
"580","AA",20070504,"9:34:40",35.12,100,0,0,"E","N"
"581","AA",20070504,"9:34:40",35.12,100,0,0,"E","N"
"587","AA",20070504,"9:34:40",35.12,100,0,0,"E","P"
"589","AA",20070504,"9:34:47",35.11,700,0,0,"F","N"
"592","AA",20070504,"9:34:47",35.11,100,0,0,"E","P"
"593","AA",20070504,"9:34:47",35.11,100,0,0,"E","P"
"594","AA",20070504,"9:34:48",35.11,200,0,0,"F","N"
"595","AA",20070504,"9:34:48",35.11,200,0,0,"E","N"
"596","AA",20070504,"9:34:49",35.11,200,0,0,"E","N"
"597","AA",20070504,"9:34:49",35.11,400,0,0,"E","N"
"599","AA",20070504,"9:34:49",35.11,700,0,0,"E","N"
"600","AA",20070504,"9:34:50",35.11,1000,0,0,"E","N"
"601","AA",20070504,"9:34:50",35.11,2300,0,0,"F","N"
"602","AA",20070504,"9:34:53",35.11,100,0,0,"E","N"
"606","AA",20070504,"9:34:53",35.11,100,0,0,"E","P"
"607","AA",20070504,"9:34:53",35.11,200,0,0,"E","P"
"608","AA",20070504,"9:34:55",35.11,1000,0,0,"E","N"
"609","AA",20070504,"9:34:55",35.11,500,0,0,"E","N"
"610","AA",20070504,"9:34:56",35.11,200,0,0,"F","D"
"611","AA",20070504,"9:34:57",35.1,400,0,0,"E","N"
"612","AA",20070504,"9:34:57",35.1,700,0,0,"E","N"
"613","AA",20070504,"9:34:57",35.1,700,0,0,"E","N"
"614","AA",20070504,"9:34:58",35.1,300,0,0,"E","N"
"615","AA",20070504,"9:35:00",35.11,600,0,0,"E","N"
"616","AA",20070504,"9:35:01",35.1,800,0,0,"E","N"
"617","AA",20070504,"9:35:01",35.1,1000,0,0,"E","N"
"618","AA",20070504,"9:35:03",35.1,1000,0,0,"E","N"
"619","AA",20070504,"9:35:11",35.1,700,0,0,"E","N"
"620","AA",20070504,"9:35:12",35.11,1000,0,0,"E","N"
"621","AA",20070504,"9:35:12",35.1,1100,0,0,"E","N"
"622","AA",20070504,"9:35:12",35.11,600,0,0,"E","N"
"623","AA",20070504,"9:35:12",35.11,200,0,0,"F","N"
"624","AA",20070504,"9:35:12",35.1,900,0,0,"F","N"
"627","AA",20070504,"9:35:13",35.1,1000,0,0,"F","N"
"628","AA",20070504,"9:35:13",35.1,100,0,0,"F","N"
"630","AA",20070504,"9:35:19",35.11,600,0,0,"F","N"
"634","AA",20070504,"9:35:24",35.11,100,0,0,"E","N"
"635","AA",20070504,"9:35:24",35.11,200,0,0,"E","N"
"636","AA",20070504,"9:35:24",35.11,300,0,0,"E","N"
"637","AA",20070504,"9:35:26",35.11,600,0,0,"E","N"
"639","AA",20070504,"9:35:26",35.11,200,0,0,"E","N"
"640","AA",20070504,"9:35:26",35.11,300,0,0,"E","N"
"642","AA",20070504,"9:35:37",35.1,500,0,0,"E","N"
"643","AA",20070504,"9:35:37",35.1,700,0,0,"E","N"
"644","AA",20070504,"9:35:37",35.1,800,0,0,"E","N"
"645","AA",20070504,"9:35:39",35.1,700,0,0,"E","N"
"646","AA",20070504,"9:35:39",35.1,500,0,0,"E","N"
"647","AA",20070504,"9:35:42",35.1,200,0,0,"E","P"
"648","AA",20070504,"9:35:43",35.1,400,0,0,"E","N"
"649","AA",20070504,"9:35:43",35.1,200,0,0,"E","N"
"656","AA",20070504,"9:35:46",35.09,300,0,0,"E","N"
"658","AA",20070504,"9:35:46",35.1,100,0,0,"E","P"
"659","AA",20070504,"9:35:46",35.09,1800,0,0,"E","N"
"663","AA",20070504,"9:35:46",35.11,400,0,0,"E","N"
"665","AA",20070504,"9:35:46",35.11,100,0,0,"E","N"
"667","AA",20070504,"9:35:46",35.11,2800,0,0,"E","N"
"668","AA",20070504,"9:35:46",35.11,600,0,0,"E","N"
"669","AA",20070504,"9:35:47",35.11,100,0,0,"E","N"
"670","AA",20070504,"9:35:47",35.11,100,0,0,"E","N"
"672","AA",20070504,"9:36:00",35.11,400,0,0,"F","N"
"673","AA",20070504,"9:36:01",35.11,900,0,0,"E","N"
"675","AA",20070504,"9:36:12",35.11,300,0,0,"F","N"
"676","AA",20070504,"9:36:18",35.1,100,0,0,"E","N"
"679","AA",20070504,"9:36:24",35.1,100,0,0,"E","N"
"682","AA",20070504,"9:36:32",35.09,200,0,0,"E","N"
"685","AA",20070504,"9:36:38",35.08,100,0,0,"F","N"
"686","AA",20070504,"9:36:47",35.05,200,0,0,"E","N"
"688","AA",20070504,"9:36:52",35.05,2500,0,0,"E","N"
"691","AA",20070504,"9:37:03",35.04,500,0,0,"F","N"
"692","AA",20070504,"9:37:03",35.04,100,0,0,"E","N"
"693","AA",20070504,"9:37:04",35.04,500,0,0,"E","N"
"694","AA",20070504,"9:37:06",35.04,3000,0,0,"E","N"
"695","AA",20070504,"9:37:06",35.04,700,0,0,"E","N"
"696","AA",20070504,"9:37:07",35.04,700,0,0,"E","N"
"697","AA",20070504,"9:37:07",35.04,100,0,0,"E","N"
"698","AA",20070504,"9:37:07",35.04,100,0,0,"E","N"
"699","AA",20070504,"9:37:07",35.04,800,0,0,"E","N"
"700","AA",20070504,"9:37:10",35.05,400,0,0,"E","N"
"702","AA",20070504,"9:37:13",35.05,300,0,0,"E","N"
"703","AA",20070504,"9:37:14",35.04,200,0,0,"E","N"
"707","AA",20070504,"9:37:21",35.04,100,0,0,"E","N"
"708","AA",20070504,"9:37:21",35.04,100,0,0,"E","N"
"709","AA",20070504,"9:37:21",35.04,100,0,0,"E","N"
"710","AA",20070504,"9:37:22",35.04,100,0,0,"E","N"
"711","AA",20070504,"9:37:23",35.04,100,0,0,"E","N"
"712","AA",20070504,"9:37:25",35.05,100,0,0,"E","N"
"713","AA",20070504,"9:37:28",35.04,800,0,0,"E","N"
"714","AA",20070504,"9:37:34",35.04,200,0,0,"E","N"
"716","AA",20070504,"9:37:37",35.04,300,0,0,"E","N"
"717","AA",20070504,"9:37:37",35.04,800,0,0,"E","N"
"718","AA",20070504,"9:37:37",35.04,100,0,0,"F","N"
"719","AA",20070504,"9:37:38",35.04,300,0,0,"E","N"
"720","AA",20070504,"9:37:38",35.05,900,0,0,"E","N"
"721","AA",20070504,"9:37:38",35.05,600,0,0,"E","N"
"724","AA",20070504,"9:37:39",35.03,200,0,0,"E","P"
"727","AA",20070504,"9:37:40",35.03,100,0,0,"E","P"
"728","AA",20070504,"9:37:40",35.03,500,0,0,"F","N"
"729","AA",20070504,"9:37:42",35.03,400,0,0,"E","N"
"730","AA",20070504,"9:37:47",35.03,100,0,0,"E","P"
"731","AA",20070504,"9:37:47",35.03,100,0,0,"E","N"
"732","AA",20070504,"9:37:48",35.04,1700,0,0,"E","N"
"733","AA",20070504,"9:37:53",35.04,300,0,0,"E","N"
"734","AA",20070504,"9:37:55",35.04,300,0,0,"E","N"
"735","AA",20070504,"9:37:56",35.03,300,0,0,"E","N"
"736","AA",20070504,"9:37:56",35.02,500,0,0,"E","N"
"737","AA",20070504,"9:37:56",35.03,1600,0,0,"E","P"
"738","AA",20070504,"9:37:56",35.03,100,0,0,"E","N"
"739","AA",20070504,"9:37:56",35.03,1000,0,0,"E","N"
"740","AA",20070504,"9:37:56",35.01,100,0,0,"E","N"
"742","AA",20070504,"9:37:57",35.02,100,0,0,"E","N"
"743","AA",20070504,"9:37:57",35.02,100,0,0,"E","N"
"744","AA",20070504,"9:37:57",35.02,200,0,0,"E","N"
"745","AA",20070504,"9:37:58",35.02,1800,0,0,"E","N"
"746","AA",20070504,"9:37:59",35.02,2000,0,0,"E","N"
"747","AA",20070504,"9:38:00",35.02,100,0,0,"E","N"
"748","AA",20070504,"9:38:00",35.02,100,0,0,"E","N"
"749","AA",20070504,"9:38:01",35.01,200,0,0,"E","N"
"753","AA",20070504,"9:38:01",35.02,100,0,0,"E","P"
"754","AA",20070504,"9:38:01",35.02,100,0,0,"E","P"
"755","AA",20070504,"9:38:02",35.02,800,0,0,"E","N"
"756","AA",20070504,"9:38:07",35.02,600,0,0,"E","N"
"757","AA",20070504,"9:38:08",35.02,600,0,0,"E","N"
"762","AA",20070504,"9:38:09",35.02,100,0,0,"E","N"
"763","AA",20070504,"9:38:09",35.03,300,0,0,"E","N"
"764","AA",20070504,"9:38:09",35.03,100,0,0,"E","N"
"766","AA",20070504,"9:38:10",35.03,400,0,0,"E","N"
"767","AA",20070504,"9:38:11",35.04,200,0,0,"F","N"
"768","AA",20070504,"9:38:12",35.04,400,0,0,"E","N"
"769","AA",20070504,"9:38:12",35.04,100,0,0,"E","P"
"770","AA",20070504,"9:38:12",35.05,300,0,0,"E","N"
"771","AA",20070504,"9:38:14",35.03,200,0,0,"E","N"
"774","AA",20070504,"9:38:17",35.03,300,0,0,"E","N"
"775","AA",20070504,"9:38:17",35.02,300,0,0,"E","N"
"776","AA",20070504,"9:38:17",35.01,300,0,0,"E","N"
"777","AA",20070504,"9:38:17",35,200,0,0,"E","N"
"778","AA",20070504,"9:38:17",35.02,100,0,0,"E","P"
"783","AA",20070504,"9:38:20",35.01,100,0,0,"F","N"
"784","AA",20070504,"9:38:22",35.02,100,0,0,"E","N"
"788","AA",20070504,"9:38:31",35.02,800,0,0,"E","N"
"789","AA",20070504,"9:38:31",35.03,200,0,0,"E","N"
"793","AA",20070504,"9:38:31",35.04,100,0,0,"E","N"
"794","AA",20070504,"9:38:31",35.04,100,0,0,"E","N"
"796","AA",20070504,"9:38:31",35.03,200,0,0,"E","N"
"797","AA",20070504,"9:38:32",35.03,100,0,0,"E","N"
"798","AA",20070504,"9:38:32",35.02,200,0,0,"E","N"
"799","AA",20070504,"9:38:33",35,1200,0,0,"F","D"
"800","AA",20070504,"9:38:33",35.01,300,0,0,"E","N"
"801","AA",20070504,"9:38:33",35,300,0,0,"E","N"
"803","AA",20070504,"9:38:33",35.01,100,0,0,"E","P"
"804","AA",20070504,"9:38:33",35.01,100,0,0,"E","N"
"805","AA",20070504,"9:38:33",35,200,0,0,"E","N"
"809","AA",20070504,"9:38:39",35,200,0,0,"F","D"
"810","AA",20070504,"9:38:39",35,100,0,0,"F","D"
"811","AA",20070504,"9:38:39",35,500,0,0,"F","D"
"817","AA",20070504,"9:38:44",35,300,0,0,"F","D"
"826","AA",20070504,"9:38:51",35.02,300,0,0,"E","N"
"827","AA",20070504,"9:38:57",35.01,200,0,0,"E","N"
"833","AA",20070504,"9:39:09",35.02,100,0,0,"E","P"
"835","AA",20070504,"9:39:10",35.02,900,0,0,"E","N"
"836","AA",20070504,"9:39:10",35.02,200,0,0,"F","N"
"840","AA",20070504,"9:39:13",35.01,100,0,0,"E","P"
"845","AA",20070504,"9:39:26",35,800,0,0,"E","N"
"851","AA",20070504,"9:39:30",35,500,0,0,"F","D"
"852","AA",20070504,"9:39:30",35.01,100,0,0,"E","P"
"854","AA",20070504,"9:39:30",35,100,0,0,"E","N"
"855","AA",20070504,"9:39:31",35,100,0,0,"F","D"
"856","AA",20070504,"9:39:31",35,100,0,0,"E","N"
"857","AA",20070504,"9:39:34",34.98,1500,0,0,"E","N"
"863","AA",20070504,"9:39:37",34.98,100,0,0,"E","N"
"864","AA",20070504,"9:39:37",34.99,200,0,0,"E","N"
"865","AA",20070504,"9:39:37",35,200,0,0,"E","N"
"866","AA",20070504,"9:39:37",34.99,100,0,0,"E","P"
"870","AA",20070504,"9:39:37",34.99,100,0,0,"E","P"
"871","AA",20070504,"9:39:37",34.99,100,0,0,"E","P"
"872","AA",20070504,"9:39:37",34.98,100,0,0,"E","N"
"873","AA",20070504,"9:39:37",34.98,100,0,0,"E","N"
"874","AA",20070504,"9:39:37",34.99,100,0,0,"E","N"
"875","AA",20070504,"9:39:37",34.97,200,0,0,"E","N"
"879","AA",20070504,"9:39:38",34.97,100,0,0,"E","N"
"880","AA",20070504,"9:39:38",34.96,100,0,0,"E","N"
"881","AA",20070504,"9:39:38",34.97,100,0,0,"E","P"
"882","AA",20070504,"9:39:38",34.97,100,0,0,"E","N"
"883","AA",20070504,"9:39:39",34.96,100,0,0,"F","N"
"885","AA",20070504,"9:39:43",34.97,900,0,0,"E","N"
"891","AA",20070504,"9:39:51",34.94,600,0,0,"E","N"
"895","AA",20070504,"9:39:52",34.94,100,0,0,"E","N"
"897","AA",20070504,"9:39:53",34.94,100,0,0,"E","N"
"898","AA",20070504,"9:39:53",34.95,100,0,0,"E","N"
"899","AA",20070504,"9:39:53",34.95,100,0,0,"E","N"
"901","AA",20070504,"9:39:54",34.95,100,0,0,"E","N"
"902","AA",20070504,"9:39:54",34.94,100,0,0,"E","N"
"903","AA",20070504,"9:39:55",34.94,200,0,0,"E","N"
"904","AA",20070504,"9:39:55",34.94,200,0,0,"E","N"
"905","AA",20070504,"9:39:55",34.95,100,0,0,"E","N"
"907","AA",20070504,"9:39:56",34.94,100,0,0,"E","N"
"909","AA",20070504,"9:39:56",34.94,100,0,0,"E","N"
"911","AA",20070504,"9:39:56",34.94,100,0,0,"E","P"
"913","AA",20070504,"9:40:02",34.95,100,0,0,"E","N"
"914","AA",20070504,"9:40:02",34.95,300,0,0,"E","N"
"915","AA",20070504,"9:40:02",34.96,300,0,0,"E","N"
"919","AA",20070504,"9:40:02",34.95,100,0,0,"E","P"
"926","AA",20070504,"9:40:03",34.95,100,0,0,"E","P"
"927","AA",20070504,"9:40:03",34.94,400,0,0,"F","N"
"928","AA",20070504,"9:40:04",34.94,100,0,0,"E","N"
"929","AA",20070504,"9:40:05",34.94,300,0,0,"F","N"
"930","AA",20070504,"9:40:05",34.94,300,0,0,"E","N"
"931","AA",20070504,"9:40:07",34.94,100,0,0,"E","N"
"932","AA",20070504,"9:40:07",34.94,500,0,0,"E","N"
"933","AA",20070504,"9:40:07",34.94,300,0,0,"E","N"
"936","AA",20070504,"9:40:08",34.94,600,0,0,"E","N"
"937","AA",20070504,"9:40:08",34.94,100,0,0,"E","N"
"938","AA",20070504,"9:40:08",34.94,100,0,0,"E","N"
"939","AA",20070504,"9:40:08",34.94,200,0,0,"F","N"
"944","AA",20070504,"9:40:08",34.95,700,0,0,"F","N"
"945","AA",20070504,"9:40:08",34.95,100,0,0,"E","N"
"946","AA",20070504,"9:40:09",34.95,100,0,0,"E","N"
"953","AA",20070504,"9:40:10",34.95,200,0,0,"E","N"
"954","AA",20070504,"9:40:10",34.96,500,0,0,"E","N"
"955","AA",20070504,"9:40:12",34.94,100,0,0,"E","N"
"956","AA",20070504,"9:40:12",34.94,100,0,0,"E","P"
"961","AA",20070504,"9:40:13",34.95,400,0,0,"F","N"
"962","AA",20070504,"9:40:13",34.96,400,0,0,"E","N"
"963","AA",20070504,"9:40:14",34.96,100,0,0,"F","N"
"964","AA",20070504,"9:40:16",34.96,200,0,0,"E","N"
"970","AA",20070504,"9:40:17",34.97,200,0,0,"E","N"
"971","AA",20070504,"9:40:17",34.97,200,0,0,"E","N"
"972","AA",20070504,"9:40:17",34.97,100,0,0,"E","N"
"973","AA",20070504,"9:40:17",34.97,200,0,0,"E","N"
"976","AA",20070504,"9:40:17",34.97,1800,0,0,"F","N"
"977","AA",20070504,"9:40:18",34.96,100,0,0,"F","N"
"978","AA",20070504,"9:40:18",34.97,100,0,0,"E","N"
"979","AA",20070504,"9:40:18",34.97,300,0,0,"F","N"
"980","AA",20070504,"9:40:18",34.97,100,0,0,"E","N"
"981","AA",20070504,"9:40:18",34.97,100,0,0,"E","N"
"985","AA",20070504,"9:40:18",34.97,100,0,0,"E","N"
"986","AA",20070504,"9:40:18",34.97,100,0,0,"E","N"
"987","AA",20070504,"9:40:18",34.97,300,0,0,"E","N"
"988","AA",20070504,"9:40:18",34.97,600,0,0,"E","N"
"989","AA",20070504,"9:40:18",34.97,100,0,0,"E","N"
"990","AA",20070504,"9:40:20",34.99,300,0,0,"E","N"
"992","AA",20070504,"9:40:24",35,100,0,0,"E","N"
"995","AA",20070504,"9:40:24",35,300,0,0,"E","N"
"996","AA",20070504,"9:40:24",35.01,600,0,0,"F","N"
"997","AA",20070504,"9:40:25",35.02,200,0,0,"F","N"
"998","AA",20070504,"9:40:26",35.02,200,0,0,"E","N"
"999","AA",20070504,"9:40:26",35.03,200,0,0,"F","N"
"1000","AA",20070504,"9:40:28",35.03,100,0,0,"E","N"
"1001","AA",20070504,"9:40:28",35.04,200,0,0,"E","N"
"1002","AA",20070504,"9:40:33",35.04,300,0,0,"E","N"
"1004","AA",20070504,"9:40:34",35.04,400,0,0,"E","N"
"1011","AA",20070504,"9:40:34",35.04,500,0,0,"E","N"
"1014","AA",20070504,"9:40:34",35.05,100,0,0,"E","N"
"1015","AA",20070504,"9:40:35",35.05,100,0,0,"E","N"
"1018","AA",20070504,"9:40:36",35.05,100,0,0,"E","N"
"1019","AA",20070504,"9:40:36",35.05,300,0,0,"E","N"
"1020","AA",20070504,"9:40:36",35.04,200,0,0,"E","N"
"1021","AA",20070504,"9:40:37",35.05,100,0,0,"E","P"
"1022","AA",20070504,"9:40:37",35.05,100,0,0,"E","P"
"1023","AA",20070504,"9:40:37",35.05,200,0,0,"E","N"
"1025","AA",20070504,"9:40:43",35.04,100,0,0,"E","N"
"1030","AA",20070504,"9:40:45",35.04,100,0,0,"E","N"
"1032","AA",20070504,"9:40:46",35.03,100,0,0,"E","N"
"1035","AA",20070504,"9:40:47",35.02,100,0,0,"E","P"
"1036","AA",20070504,"9:40:47",35.02,100,0,0,"E","N"
"1037","AA",20070504,"9:40:48",35.01,200,0,0,"E","N"
"1038","AA",20070504,"9:40:49",35,100,0,0,"E","N"
"1039","AA",20070504,"9:40:49",35,400,0,0,"E","N"
"1046","AA",20070504,"9:40:50",34.99,100,0,0,"E","N"
"1049","AA",20070504,"9:40:51",34.98,100,0,0,"E","N"
"1053","AA",20070504,"9:40:51",34.98,700,0,0,"E","N"
"1054","AA",20070504,"9:40:51",34.99,200,0,0,"E","N"
"1061","AA",20070504,"9:40:51",34.95,100,0,0,"E","P"
"1062","AA",20070504,"9:40:51",34.95,100,0,0,"E","P"
"1063","AA",20070504,"9:40:52",34.96,100,0,0,"E","P"
"1065","AA",20070504,"9:40:52",34.95,100,0,0,"E","N"
"1066","AA",20070504,"9:40:52",34.95,600,0,0,"F","N"
"1070","AA",20070504,"9:40:53",34.95,200,0,0,"E","N"
"1071","AA",20070504,"9:40:53",34.95,1000,0,0,"E","N"
"1072","AA",20070504,"9:40:53",34.95,100,0,0,"E","N"
"1078","AA",20070504,"9:40:53",34.95,600,0,0,"E","N"
"1079","AA",20070504,"9:40:53",34.94,300,0,0,"E","N"
"1080","AA",20070504,"9:40:54",34.94,100,0,0,"E","P"
"1081","AA",20070504,"9:40:54",34.95,100,0,0,"E","N"
"1082","AA",20070504,"9:40:54",34.95,600,0,0,"E","N"
"1083","AA",20070504,"9:40:54",34.95,600,0,0,"E","N"
"1084","AA",20070504,"9:40:54",34.95,100,0,0,"E","N"
"1085","AA",20070504,"9:40:55",34.96,200,0,0,"E","N"
"1088","AA",20070504,"9:40:56",34.96,300,0,0,"E","N"
"1090","AA",20070504,"9:40:58",34.97,100,0,0,"F","N"
"1094","AA",20070504,"9:41:00",34.95,700,0,0,"E","N"
"1096","AA",20070504,"9:41:01",34.96,100,0,0,"E","N"
"1097","AA",20070504,"9:41:01",34.97,100,0,0,"E","N"
"1098","AA",20070504,"9:41:01",34.96,100,0,0,"E","P"
"1101","AA",20070504,"9:41:01",34.97,200,0,0,"E","N"
"1104","AA",20070504,"9:41:02",34.97,100,0,0,"E","N"
"1105","AA",20070504,"9:41:02",34.96,100,0,0,"E","P"
"1106","AA",20070504,"9:41:02",34.96,100,0,0,"E","N"
"1108","AA",20070504,"9:41:07",34.96,200,0,0,"E","N"
"1109","AA",20070504,"9:41:12",34.96,500,0,0,"E","N"
"1110","AA",20070504,"9:41:13",34.95,300,0,0,"E","N"
"1111","AA",20070504,"9:41:17",34.95,600,0,0,"E","N"
"1113","AA",20070504,"9:41:22",34.95,200,0,0,"E","N"
"1114","AA",20070504,"9:41:23",34.95,100,0,0,"E","P"
"1115","AA",20070504,"9:41:23",34.95,300,0,0,"E","N"
"1116","AA",20070504,"9:41:25",34.95,500,0,0,"E","N"
"1117","AA",20070504,"9:41:25",34.95,300,0,0,"F","N"
"1118","AA",20070504,"9:41:28",34.95,300,0,0,"E","N"
"1119","AA",20070504,"9:41:30",34.95,200,0,0,"E","N"
"1120","AA",20070504,"9:41:30",34.95,400,0,0,"E","N"
"1121","AA",20070504,"9:41:33",34.95,100,0,0,"E","N"
"1122","AA",20070504,"9:41:33",34.95,100,0,0,"E","N"
"1129","AA",20070504,"9:41:34",34.95,300,0,0,"E","N"
"1130","AA",20070504,"9:41:34",34.96,100,0,0,"E","P"
"1131","AA",20070504,"9:41:34",34.96,300,0,0,"E","P"
"1132","AA",20070504,"9:41:34",34.96,100,0,0,"E","P"
"1133","AA",20070504,"9:41:34",34.96,400,0,0,"E","N"
"1137","AA",20070504,"9:41:35",34.96,400,0,0,"E","N"
"1138","AA",20070504,"9:41:35",34.96,1000,0,0,"E","N"
"1139","AA",20070504,"9:41:35",34.96,100,0,0,"E","N"
"1141","AA",20070504,"9:41:36",34.96,400,0,0,"E","N"
"1142","AA",20070504,"9:41:38",34.97,1200,0,0,"E","N"
"1147","AA",20070504,"9:41:38",34.97,100,0,0,"E","N"
"1148","AA",20070504,"9:41:39",34.97,300,0,0,"E","N"
"1151","AA",20070504,"9:41:39",34.97,300,0,0,"E","N"
"1152","AA",20070504,"9:41:41",34.99,200,0,0,"F","N"
"1153","AA",20070504,"9:41:42",34.98,400,0,0,"E","N"
"1155","AA",20070504,"9:41:45",34.99,500,0,0,"E","N"
"1156","AA",20070504,"9:41:45",34.99,200,0,0,"F","N"
"1157","AA",20070504,"9:41:46",35,100,0,0,"E","P"
"1158","AA",20070504,"9:41:46",35,200,0,0,"F","N"
"1159","AA",20070504,"9:41:46",35,100,0,0,"E","N"
"1160","AA",20070504,"9:41:46",35,100,0,0,"E","N"
"1161","AA",20070504,"9:41:47",35,100,0,0,"E","N"
"1163","AA",20070504,"9:41:48",35,100,0,0,"E","N"
"1164","AA",20070504,"9:41:48",35,100,0,0,"E","N"
"1165","AA",20070504,"9:41:50",35,400,0,0,"E","N"
"1166","AA",20070504,"9:41:54",35,1000,0,0,"E","N"
"1172","AA",20070504,"9:41:55",35.01,100,0,0,"E","P"
"1173","AA",20070504,"9:41:55",35.01,100,0,0,"E","P"
"1174","AA",20070504,"9:41:55",35,300,0,0,"E","N"
"1175","AA",20070504,"9:41:55",35,500,0,0,"E","N"
"1177","AA",20070504,"9:41:55",35,100,0,0,"E","N"
"1178","AA",20070504,"9:41:57",35,400,0,0,"E","N"
"1179","AA",20070504,"9:41:57",35.01,100,0,0,"E","N"
"1181","AA",20070504,"9:42:02",34.97,100,0,0,"E","P"
"1182","AA",20070504,"9:42:03",34.97,100,0,0,"E","N"
"1183","AA",20070504,"9:42:03",34.97,200,0,0,"F","N"
"1185","AA",20070504,"9:42:07",34.97,200,0,0,"E","N"
"1187","AA",20070504,"9:42:07",34.97,400,0,0,"E","N"
"1192","AA",20070504,"9:42:10",34.97,100,0,0,"E","N"
"1195","AA",20070504,"9:42:10",34.97,100,0,0,"E","N"
"1199","AA",20070504,"9:42:13",34.98,100,0,0,"E","P"
"1200","AA",20070504,"9:42:13",34.98,400,0,0,"E","N"
"1202","AA",20070504,"9:42:13",34.97,100,0,0,"E","N"
"1203","AA",20070504,"9:42:14",34.98,100,0,0,"E","N"
"1205","AA",20070504,"9:42:14",34.99,100,0,0,"E","N"
"1210","AA",20070504,"9:42:15",34.98,100,0,0,"E","N"
"1212","AA",20070504,"9:42:15",34.99,800,0,0,"E","N"
"1213","AA",20070504,"9:42:15",34.99,100,0,0,"E","P"
"1214","AA",20070504,"9:42:16",34.98,200,0,0,"E","N"
"1215","AA",20070504,"9:42:21",34.98,100,0,0,"F","N"
"1216","AA",20070504,"9:42:23",34.98,600,0,0,"E","N"
"1217","AA",20070504,"9:42:23",34.98,300,0,0,"E","N"
"1218","AA",20070504,"9:42:23",34.99,100,0,0,"E","N"
"1223","AA",20070504,"9:42:24",34.99,100,0,0,"E","P"
"1224","AA",20070504,"9:42:24",34.99,100,0,0,"E","P"
"1226","AA",20070504,"9:42:37",35,200,0,0,"F","N"
"1229","AA",20070504,"9:42:38",35,100,0,0,"E","N"
"1230","AA",20070504,"9:42:38",35,100,0,0,"E","N"
"1232","AA",20070504,"9:42:40",35,200,0,0,"E","N"
"1233","AA",20070504,"9:42:40",35,100,0,0,"F","N"
"1234","AA",20070504,"9:42:40",35,400,0,0,"F","N"
"1235","AA",20070504,"9:42:42",35,100,0,0,"E","P"
"1236","AA",20070504,"9:42:43",35,400,0,0,"E","N"
"1237","AA",20070504,"9:42:48",35,100,0,0,"E","P"
"1238","AA",20070504,"9:42:48",35,500,0,0,"E","N"
"1239","AA",20070504,"9:42:49",35,100,0,0,"E","N"
"1240","AA",20070504,"9:42:49",35,100,0,0,"E","N"
"1242","AA",20070504,"9:42:49",34.99,400,0,0,"E","N"
"1247","AA",20070504,"9:42:52",34.98,200,0,0,"E","N"
"1248","AA",20070504,"9:42:52",34.99,100,0,0,"E","P"
"1249","AA",20070504,"9:42:52",34.99,100,0,0,"E","P"
"1250","AA",20070504,"9:42:52",34.99,100,0,0,"E","P"
"1251","AA",20070504,"9:42:52",34.99,100,0,0,"E","P"
"1252","AA",20070504,"9:42:52",34.99,100,0,0,"E","P"
"1255","AA",20070504,"9:42:58",34.98,700,0,0,"E","N"
"1256","AA",20070504,"9:42:59",34.98,200,0,0,"E","N"
"1257","AA",20070504,"9:43:02",34.97,1000,0,0,"F","N"
"1259","AA",20070504,"9:43:02",34.96,200,0,0,"E","N"
"1261","AA",20070504,"9:43:04",34.95,100,0,0,"E","P"
"1262","AA",20070504,"9:43:05",34.95,200,0,0,"E","N"
"1263","AA",20070504,"9:43:05",34.95,300,0,0,"E","N"
"1264","AA",20070504,"9:43:05",34.95,100,0,0,"F","N"
"1265","AA",20070504,"9:43:06",34.96,600,0,0,"F","N"
"1270","AA",20070504,"9:43:06",34.95,200,0,0,"F","N"
"1271","AA",20070504,"9:43:06",34.95,100,0,0,"E","N"
"1272","AA",20070504,"9:43:06",34.95,600,0,0,"E","N"
"1273","AA",20070504,"9:43:06",34.95,100,0,0,"E","N"
"1274","AA",20070504,"9:43:06",34.95,100,0,0,"E","N"
"1275","AA",20070504,"9:43:07",34.95,1000,0,0,"E","N"
"1276","AA",20070504,"9:43:08",34.95,1200,0,0,"E","N"
"1278","AA",20070504,"9:43:09",34.95,300,0,0,"E","N"
"1279","AA",20070504,"9:43:10",34.95,400,0,0,"E","N"
"1280","AA",20070504,"9:43:10",34.96,600,0,0,"E","N"
"1281","AA",20070504,"9:43:11",34.96,100,0,0,"E","P"
"1282","AA",20070504,"9:43:11",34.96,100,0,0,"E","P"
"1289","AA",20070504,"9:43:11",34.95,100,0,0,"E","N"
"1290","AA",20070504,"9:43:11",34.95,100,0,0,"E","N"
"1291","AA",20070504,"9:43:11",34.95,200,0,0,"E","N"
"1292","AA",20070504,"9:43:11",34.97,100,0,0,"E","N"
"1293","AA",20070504,"9:43:12",34.96,200,0,0,"E","N"
"1294","AA",20070504,"9:43:16",34.97,700,0,0,"E","N"
"1295","AA",20070504,"9:43:16",34.97,100,0,0,"E","N"
"1296","AA",20070504,"9:43:16",34.97,500,0,0,"E","N"
"1297","AA",20070504,"9:43:21",34.98,400,0,0,"E","N"
"1302","AA",20070504,"9:43:24",34.98,400,0,0,"E","N"
"1303","AA",20070504,"9:43:36",34.99,200,0,0,"E","N"
"1308","AA",20070504,"9:43:38",34.98,100,0,0,"E","N"
"1309","AA",20070504,"9:43:40",34.97,800,0,0,"E","N"
"1310","AA",20070504,"9:43:43",34.97,900,0,0,"E","N"
"1315","AA",20070504,"9:43:55",34.98,800,0,0,"E","N"
"1316","AA",20070504,"9:43:55",34.98,300,0,0,"E","N"
"1317","AA",20070504,"9:43:55",34.98,600,0,0,"E","N"
"1321","AA",20070504,"9:43:56",34.98,100,0,0,"F","P"
"1322","AA",20070504,"9:43:56",34.99,300,0,0,"E","N"
"1323","AA",20070504,"9:43:56",34.99,100,0,0,"F","N"
"1324","AA",20070504,"9:43:57",34.99,100,0,0,"E","N"
"1327","AA",20070504,"9:43:57",34.99,700,0,0,"E","N"
"1328","AA",20070504,"9:43:57",34.99,200,0,0,"E","N"
"1329","AA",20070504,"9:43:57",34.99,100,0,0,"E","N"
"1330","AA",20070504,"9:43:58",34.99,100,0,0,"E","N"
"1331","AA",20070504,"9:43:58",34.99,100,0,0,"E","N"
"1332","AA",20070504,"9:43:58",34.99,700,0,0,"E","N"
"1333","AA",20070504,"9:43:59",34.99,700,0,0,"E","N"
"1334","AA",20070504,"9:43:59",34.99,300,0,0,"E","N"
"1335","AA",20070504,"9:43:59",34.99,500,0,0,"E","N"
"1339","AA",20070504,"9:44:01",35,1700,0,0,"F","N"
"1340","AA",20070504,"9:44:02",35,700,0,0,"F","N"
"1341","AA",20070504,"9:44:02",35.01,100,0,0,"F","N"
"1342","AA",20070504,"9:44:05",35.01,100,0,0,"E","N"
"1345","AA",20070504,"9:44:06",35.01,100,0,0,"E","N"
"1347","AA",20070504,"9:44:06",35.02,200,0,0,"F","N"
"1348","AA",20070504,"9:44:07",35.03,100,0,0,"E","N"
"1349","AA",20070504,"9:44:08",35.03,300,0,0,"E","P"
"1350","AA",20070504,"9:44:10",35.04,500,0,0,"E","N"
"1351","AA",20070504,"9:44:10",35.03,400,0,0,"E","N"
"1353","AA",20070504,"9:44:10",35.04,100,0,0,"E","P"
"1356","AA",20070504,"9:44:10",35.04,100,0,0,"E","N"
"1357","AA",20070504,"9:44:10",35.03,200,0,0,"E","N"
"1361","AA",20070504,"9:44:15",35.05,100,0,0,"E","P"
"1362","AA",20070504,"9:44:15",35.05,100,0,0,"E","P"
"1363","AA",20070504,"9:44:15",35.05,100,0,0,"E","P"
"1364","AA",20070504,"9:44:16",35.05,100,0,0,"F","C"
"1365","AA",20070504,"9:44:16",35.05,300,0,0,"F","N"
"1366","AA",20070504,"9:44:18",35.06,300,0,0,"E","N"
"1367","AA",20070504,"9:44:18",35.06,800,0,0,"E","N"
"1368","AA",20070504,"9:44:21",35.06,300,0,0,"E","N"
"1369","AA",20070504,"9:44:24",35.06,600,0,0,"E","N"
"1370","AA",20070504,"9:44:24",35.07,200,0,0,"E","N"
"1371","AA",20070504,"9:44:24",35.06,200,0,0,"E","N"
"1372","AA",20070504,"9:44:24",35.06,100,0,0,"E","N"
"1373","AA",20070504,"9:44:24",35.06,100,0,0,"E","N"
"1374","AA",20070504,"9:44:24",35.06,200,0,0,"E","N"
"1375","AA",20070504,"9:44:24",35.06,100,0,0,"E","N"
"1376","AA",20070504,"9:44:24",35.06,300,0,0,"E","N"
"1377","AA",20070504,"9:44:24",35.06,100,0,0,"E","N"
"1378","AA",20070504,"9:44:24",35.06,200,0,0,"E","N"
"1379","AA",20070504,"9:44:24",35.06,300,0,0,"E","P"
"1380","AA",20070504,"9:44:26",35.07,100,0,0,"E","N"
"1381","AA",20070504,"9:44:27",35.07,500,0,0,"E","N"
"1382","AA",20070504,"9:44:28",35.08,900,0,0,"E","N"
"1385","AA",20070504,"9:44:29",35.07,100,0,0,"E","P"
"1386","AA",20070504,"9:44:30",35.07,200,0,0,"E","N"
"1387","AA",20070504,"9:44:31",35.07,100,0,0,"E","N"
"1393","AA",20070504,"9:44:34",35.08,500,0,0,"E","N"
"1395","AA",20070504,"9:44:34",35.08,400,0,0,"E","N"
"1396","AA",20070504,"9:44:34",35.08,200,0,0,"E","N"
"1397","AA",20070504,"9:44:35",35.08,200,0,0,"E","N"
"1398","AA",20070504,"9:44:37",35.09,100,0,0,"E","N"
"1399","AA",20070504,"9:44:39",35.09,800,0,0,"E","N"
"1400","AA",20070504,"9:44:40",35.1,1000,0,0,"F","D"
"1402","AA",20070504,"9:44:40",35.1,100,0,0,"E","P"
"1412","AA",20070504,"9:44:40",35.1,300,0,0,"E","P"
"1413","AA",20070504,"9:44:40",35.1,400,0,0,"E","P"
"1414","AA",20070504,"9:44:40",35.1,100,0,0,"E","P"
"1418","AA",20070504,"9:44:49",35.09,100,0,0,"E","N"
"1419","AA",20070504,"9:45:01",35.09,300,0,0,"F","N"
"1420","AA",20070504,"9:45:02",35.09,600,0,0,"E","N"
"1421","AA",20070504,"9:45:02",35.08,700,0,0,"E","N"
"1428","AA",20070504,"9:45:03",35.08,500,0,0,"E","N"
"1429","AA",20070504,"9:45:04",35.06,400,0,0,"E","N"
"1430","AA",20070504,"9:45:04",35.06,100,0,0,"E","P"
"1431","AA",20070504,"9:45:04",35.06,100,0,0,"E","P"
"1432","AA",20070504,"9:45:05",35.06,100,0,0,"E","P"
"1436","AA",20070504,"9:45:07",35.05,100,0,0,"E","N"
"1437","AA",20070504,"9:45:09",35.03,100,0,0,"E","N"
"1438","AA",20070504,"9:45:09",35.03,100,0,0,"E","N"
"1441","AA",20070504,"9:45:10",35.03,500,0,0,"E","N"
"1444","AA",20070504,"9:45:11",35.02,800,0,0,"E","N"
"1448","AA",20070504,"9:45:14",35.02,200,0,0,"E","N"
"1451","AA",20070504,"9:45:26",35.01,200,0,0,"E","P"
"1452","AA",20070504,"9:45:26",35.01,100,0,0,"E","P"
"1453","AA",20070504,"9:45:26",35.02,300,0,0,"E","N"
"1454","AA",20070504,"9:45:26",35.01,100,0,0,"E","N"
"1455","AA",20070504,"9:45:27",35.02,100,0,0,"E","P"
"1459","AA",20070504,"9:45:27",35.02,100,0,0,"E","N"
"1460","AA",20070504,"9:45:27",35.02,100,0,0,"E","N"
"1461","AA",20070504,"9:45:30",35.01,200,0,0,"E","N"
"1462","AA",20070504,"9:45:31",35.02,100,0,0,"E","N"
"1463","AA",20070504,"9:45:33",35.02,300,0,0,"F","N"
"1464","AA",20070504,"9:45:34",35.02,100,0,0,"E","N"
"1465","AA",20070504,"9:45:35",35.01,100,0,0,"E","N"
"1466","AA",20070504,"9:45:48",35.01,200,0,0,"E","N"
"1467","AA",20070504,"9:45:49",35.01,200,0,0,"E","N"
"1468","AA",20070504,"9:45:50",35,100,0,0,"E","N"
"1469","AA",20070504,"9:45:50",35,100,0,0,"E","N"
"1470","AA",20070504,"9:45:50",35.01,200,0,0,"E","N"
"1471","AA",20070504,"9:45:52",35,500,0,0,"F","N"
"1472","AA",20070504,"9:45:52",35,200,0,0,"E","N"
"1473","AA",20070504,"9:45:53",35,300,0,0,"E","N"
"1474","AA",20070504,"9:45:53",35,100,0,0,"E","N"
"1475","AA",20070504,"9:45:55",34.99,200,0,0,"E","N"
"1476","AA",20070504,"9:45:55",34.99,1000,0,0,"E","N"
"1477","AA",20070504,"9:46:01",34.99,300,0,0,"E","N"
"1478","AA",20070504,"9:46:04",34.99,100,0,0,"E","N"
"1479","AA",20070504,"9:46:04",34.99,100,0,0,"E","N"
"1480","AA",20070504,"9:46:07",34.99,100,0,0,"E","N"
"1481","AA",20070504,"9:46:07",34.99,100,0,0,"E","N"
"1482","AA",20070504,"9:46:08",34.99,1000,0,0,"E","N"
"1483","AA",20070504,"9:46:11",35,1200,0,0,"F","N"
"1488","AA",20070504,"9:46:17",35,100,0,0,"E","P"
"1494","AA",20070504,"9:46:21",35,800,0,0,"E","N"
"1496","AA",20070504,"9:46:27",35,100,0,0,"E","N"
"1497","AA",20070504,"9:46:27",35,100,0,0,"E","N"
"1498","AA",20070504,"9:46:27",35,1300,0,0,"E","N"
"1499","AA",20070504,"9:46:27",35.01,200,0,0,"E","N"
"1500","AA",20070504,"9:46:27",35.02,1000,0,0,"E","N"
"1501","AA",20070504,"9:46:27",35.03,1200,0,0,"E","N"
"1502","AA",20070504,"9:46:27",35.04,400,0,0,"E","N"
"1503","AA",20070504,"9:46:27",35.05,1800,0,0,"E","N"
"1504","AA",20070504,"9:46:27",35.06,1600,0,0,"E","N"
"1505","AA",20070504,"9:46:27",35.07,1900,0,0,"E","N"
"1506","AA",20070504,"9:46:27",35.08,2500,0,0,"E","N"
"1525","AA",20070504,"9:46:28",35.05,100,0,0,"E","P"
"1532","AA",20070504,"9:46:28",35.05,100,0,0,"F","P"
"1541","AA",20070504,"9:46:28",35.01,100,0,0,"E","N"
"1542","AA",20070504,"9:46:28",35.01,200,0,0,"E","N"
"1543","AA",20070504,"9:46:28",35.01,100,0,0,"E","N"
"1544","AA",20070504,"9:46:28",35.03,100,0,0,"E","N"
"1547","AA",20070504,"9:46:28",35.02,100,0,0,"E","N"
"1548","AA",20070504,"9:46:28",35.02,100,0,0,"E","N"
"1555","AA",20070504,"9:46:28",35.02,1200,0,0,"E","N"
"1556","AA",20070504,"9:46:29",35,100,0,0,"E","N"
"1559","AA",20070504,"9:46:29",35.02,100,0,0,"E","P"
"1563","AA",20070504,"9:46:29",35.03,200,0,0,"E","N"
"1564","AA",20070504,"9:46:29",35.03,100,0,0,"E","N"
"1565","AA",20070504,"9:46:29",35.03,100,0,0,"E","N"
"1566","AA",20070504,"9:46:29",35.01,100,0,0,"E","N"
"1567","AA",20070504,"9:46:29",35.03,200,0,0,"E","P"
"1571","AA",20070504,"9:46:30",35.05,100,0,0,"E","P"
"1572","AA",20070504,"9:46:30",35.05,100,0,0,"E","P"
"1573","AA",20070504,"9:46:30",35.05,100,0,0,"E","P"
"1574","AA",20070504,"9:46:30",35.05,400,0,0,"E","N"
"1575","AA",20070504,"9:46:30",35.05,200,0,0,"E","N"
"1576","AA",20070504,"9:46:31",35.06,2000,0,0,"E","N"
"1577","AA",20070504,"9:46:31",35.06,200,0,0,"E","N"
"1580","AA",20070504,"9:46:31",35.06,100,0,0,"E","N"
"1582","AA",20070504,"9:46:31",35.06,400,0,0,"E","N"
"1583","AA",20070504,"9:46:31",35.07,100,0,0,"E","P"
"1584","AA",20070504,"9:46:32",35.08,100,0,0,"E","P"
"1585","AA",20070504,"9:46:32",35.08,1000,0,0,"E","N"
"1592","AA",20070504,"9:46:32",35.08,100,0,0,"E","P"
"1593","AA",20070504,"9:46:32",35.08,100,0,0,"E","N"
"1597","AA",20070504,"9:46:33",35.09,1200,0,0,"E","N"
"1598","AA",20070504,"9:46:33",35.08,100,0,0,"E","N"
"1599","AA",20070504,"9:46:33",35.07,100,0,0,"E","N"
"1602","AA",20070504,"9:46:33",35.06,200,0,0,"E","N"
"1606","AA",20070504,"9:46:33",35.07,100,0,0,"E","P"
"1607","AA",20070504,"9:46:33",35.07,100,0,0,"E","P"
"1608","AA",20070504,"9:46:33",35.07,100,0,0,"E","P"
"1610","AA",20070504,"9:46:33",35.09,100,0,0,"E","P"
"1611","AA",20070504,"9:46:33",35.09,100,0,0,"E","N"
"1616","AA",20070504,"9:46:34",35.07,100,0,0,"E","P"
"1617","AA",20070504,"9:46:34",35.09,100,0,0,"E","N"
"1619","AA",20070504,"9:46:34",35.09,100,0,0,"E","P"
"1623","AA",20070504,"9:46:35",35.08,100,0,0,"E","P"
"1624","AA",20070504,"9:46:35",35.08,100,0,0,"E","N"
"1627","AA",20070504,"9:46:36",35.08,100,0,0,"E","N"
"1628","AA",20070504,"9:46:36",35.06,300,0,0,"E","N"
"1630","AA",20070504,"9:46:36",35.07,100,0,0,"E","N"
"1633","AA",20070504,"9:46:39",35.08,1100,0,0,"E","N"
"1636","AA",20070504,"9:46:40",35.07,100,0,0,"E","P"
"1637","AA",20070504,"9:46:40",35.08,100,0,0,"E","P"
"1638","AA",20070504,"9:46:41",35.07,100,0,0,"E","N"
"1644","AA",20070504,"9:46:54",35.09,100,0,0,"E","P"
"1645","AA",20070504,"9:46:54",35.09,1100,0,0,"E","N"
"1648","AA",20070504,"9:46:55",35.08,200,0,0,"E","N"
"1649","AA",20070504,"9:46:57",35.08,400,0,0,"E","N"
"1651","AA",20070504,"9:47:02",35.09,400,0,0,"E","N"
"1652","AA",20070504,"9:47:02",35.09,100,0,0,"E","N"
"1653","AA",20070504,"9:47:06",35.09,100,0,0,"E","N"
"1658","AA",20070504,"9:47:18",35.08,100,0,0,"E","P"
"1659","AA",20070504,"9:47:19",35.08,1300,0,0,"F","N"
"1660","AA",20070504,"9:47:19",35.09,700,0,0,"F","N"
"1661","AA",20070504,"9:47:20",35.08,300,0,0,"F","N"
"1667","AA",20070504,"9:47:21",35.07,100,0,0,"F","N"
"1668","AA",20070504,"9:47:21",35.08,100,0,0,"F","N"
"1669","AA",20070504,"9:47:21",35.08,300,0,0,"E","N"
"1675","AA",20070504,"9:47:32",35.08,100,0,0,"E","N"
"1685","AA",20070504,"9:47:32",35.09,100,0,0,"E","P"
"1686","AA",20070504,"9:47:32",35.09,100,0,0,"E","P"
"1687","AA",20070504,"9:47:32",35.09,100,0,0,"E","P"
"1688","AA",20070504,"9:47:32",35.09,100,0,0,"E","P"
"1689","AA",20070504,"9:47:32",35.09,100,0,0,"E","P"
"1690","AA",20070504,"9:47:32",35.09,100,0,0,"E","P"
"1691","AA",20070504,"9:47:32",35.1,100,0,0,"E","P"
"1692","AA",20070504,"9:47:32",35.1,100,0,0,"E","P"
"1693","AA",20070504,"9:47:32",35.1,100,0,0,"E","P"
"1694","AA",20070504,"9:47:33",35.1,100,0,0,"E","P"
"1695","AA",20070504,"9:47:33",35.1,100,0,0,"E","P"
"1696","AA",20070504,"9:47:33",35.1,100,0,0,"E","P"
"1697","AA",20070504,"9:47:33",35.1,100,0,0,"E","P"
"1698","AA",20070504,"9:47:33",35.1,200,0,0,"E","P"
"1699","AA",20070504,"9:47:33",35.1,300,0,0,"E","P"
"1706","AA",20070504,"9:47:33",35.08,600,0,0,"E","N"
"1707","AA",20070504,"9:47:33",35.09,600,0,0,"E","N"
"1709","AA",20070504,"9:47:33",35.1,200,0,0,"E","P"
"1710","AA",20070504,"9:47:33",35.09,100,0,0,"E","N"
"1712","AA",20070504,"9:47:33",35.09,100,0,0,"E","N"
"1713","AA",20070504,"9:47:33",35.09,100,0,0,"E","N"
"1719","AA",20070504,"9:47:34",35.1,100,0,0,"E","P"
"1720","AA",20070504,"9:47:34",35.1,100,0,0,"E","P"
"1721","AA",20070504,"9:47:34",35.1,300,0,0,"E","P"
"1722","AA",20070504,"9:47:34",35.1,100,0,0,"E","P"
"1723","AA",20070504,"9:47:34",35.1,100,0,0,"E","P"
"1724","AA",20070504,"9:47:34",35.1,100,0,0,"E","N"
"1725","AA",20070504,"9:47:34",35.1,100,0,0,"E","N"
"1726","AA",20070504,"9:47:34",35.1,100,0,0,"E","N"
"1727","AA",20070504,"9:47:34",35.1,200,0,0,"E","P"
"1728","AA",20070504,"9:47:34",35.09,400,0,0,"E","N"
"1729","AA",20070504,"9:47:34",35.1,200,0,0,"E","P"
"1732","AA",20070504,"9:47:34",35.11,100,0,0,"F","N"
"1733","AA",20070504,"9:47:35",35.1,300,0,0,"E","P"
"1734","AA",20070504,"9:47:35",35.1,300,0,0,"E","P"
"1735","AA",20070504,"9:47:35",35.1,300,0,0,"E","P"
"1736","AA",20070504,"9:47:35",35.1,100,0,0,"E","P"
"1737","AA",20070504,"9:47:35",35.1,200,0,0,"E","P"
"1738","AA",20070504,"9:47:35",35.1,100,0,0,"E","P"
"1739","AA",20070504,"9:47:36",35.1,100,0,0,"E","P"
"1743","AA",20070504,"9:47:38",35.11,600,0,0,"F","N"
"1745","AA",20070504,"9:47:39",35.11,800,0,0,"F","N"
"1749","AA",20070504,"9:47:39",35.11,100,0,0,"E","N"
"1750","AA",20070504,"9:47:39",35.11,100,0,0,"E","P"
"1751","AA",20070504,"9:47:40",35.11,100,0,0,"E","N"
"1752","AA",20070504,"9:47:47",35.11,400,0,0,"E","N"
"1753","AA",20070504,"9:47:51",35.11,200,0,0,"E","N"
"1758","AA",20070504,"9:47:57",35.11,300,0,0,"E","N"
"1759","AA",20070504,"9:47:58",35.12,100,0,0,"E","N"
"1763","AA",20070504,"9:48:06",35.13,300,0,0,"E","N"
"1764","AA",20070504,"9:48:06",35.12,100,0,0,"E","P"
"1765","AA",20070504,"9:48:06",35.12,500,0,0,"E","P"
"1769","AA",20070504,"9:48:07",35.12,600,0,0,"F","N"
"1770","AA",20070504,"9:48:09",35.11,600,0,0,"E","N"
"1780","AA",20070504,"9:48:09",35.13,100,0,0,"E","P"
"1781","AA",20070504,"9:48:09",35.13,100,0,0,"E","P"
"1782","AA",20070504,"9:48:09",35.13,100,0,0,"E","P"
"1785","AA",20070504,"9:48:09",35.12,100,0,0,"E","N"
"1786","AA",20070504,"9:48:09",35.13,1400,0,0,"F","N"
"1787","AA",20070504,"9:48:10",35.13,300,0,0,"F","N"
"1788","AA",20070504,"9:48:16",35.13,200,0,0,"E","N"
"1789","AA",20070504,"9:48:20",35.13,100,0,0,"E","N"
"1790","AA",20070504,"9:48:23",35.13,100,0,0,"E","N"
"1791","AA",20070504,"9:48:26",35.13,200,0,0,"E","N"
"1793","AA",20070504,"9:48:26",35.13,100,0,0,"E","P"
"1794","AA",20070504,"9:48:26",35.13,100,0,0,"E","P"
"1797","AA",20070504,"9:48:27",35.13,100,0,0,"F","N"
"1810","AA",20070504,"9:48:27",35.12,600,0,0,"F","N"
"1815","AA",20070504,"9:48:28",35.12,400,0,0,"E","N"
"1817","AA",20070504,"9:48:31",35.12,100,0,0,"E","P"
"1818","AA",20070504,"9:48:31",35.12,600,0,0,"E","N"
"1819","AA",20070504,"9:48:41",35.12,300,0,0,"E","N"
"1820","AA",20070504,"9:48:42",35.12,500,0,0,"E","N"
"1821","AA",20070504,"9:48:46",35.13,300,0,0,"E","N"
"1824","AA",20070504,"9:48:56",35.12,100,0,0,"F","N"
"1832","AA",20070504,"9:49:02",35.14,100,0,0,"E","P"
"1833","AA",20070504,"9:49:03",35.14,100,0,0,"E","P"
"1834","AA",20070504,"9:49:03",35.14,100,0,0,"E","P"
"1835","AA",20070504,"9:49:03",35.14,100,0,0,"E","P"
"1837","AA",20070504,"9:49:10",35.12,900,0,0,"E","N"
"1838","AA",20070504,"9:49:15",35.12,200,0,0,"F","N"
"1841","AA",20070504,"9:49:19",35.12,500,0,0,"E","N"
"1848","AA",20070504,"9:49:22",35.11,700,0,0,"F","N"
"1849","AA",20070504,"9:49:23",35.1,700,0,0,"E","N"
"1853","AA",20070504,"9:49:23",35.11,100,0,0,"E","N"
"1854","AA",20070504,"9:49:24",35.1,100,0,0,"E","P"
"1858","AA",20070504,"9:49:26",35.08,400,0,0,"E","N"
"1859","AA",20070504,"9:49:26",35.08,100,0,0,"E","N"
"1860","AA",20070504,"9:49:26",35.08,100,0,0,"E","N"
"1861","AA",20070504,"9:49:27",35.07,100,0,0,"E","P"
"1862","AA",20070504,"9:49:28",35.07,100,0,0,"E","N"
"1875","AA",20070504,"9:49:34",35.06,100,0,0,"E","P"
"1876","AA",20070504,"9:49:34",35.07,100,0,0,"E","P"
"1877","AA",20070504,"9:49:34",35.07,100,0,0,"E","P"
"1878","AA",20070504,"9:49:34",35.07,100,0,0,"E","P"
"1879","AA",20070504,"9:49:34",35.08,100,0,0,"E","P"
"1880","AA",20070504,"9:49:34",35.08,100,0,0,"E","P"
"1881","AA",20070504,"9:49:34",35.08,100,0,0,"E","P"
"1882","AA",20070504,"9:49:34",35.08,100,0,0,"E","P"
"1883","AA",20070504,"9:49:34",35.08,100,0,0,"E","P"
"1884","AA",20070504,"9:49:34",35.08,100,0,0,"E","P"
"1885","AA",20070504,"9:49:34",35.08,100,0,0,"E","P"
"1886","AA",20070504,"9:49:34",35.08,100,0,0,"E","P"
"1887","AA",20070504,"9:49:34",35.09,100,0,0,"E","P"
"1888","AA",20070504,"9:49:34",35.09,100,0,0,"E","P"
"1889","AA",20070504,"9:49:34",35.09,100,0,0,"E","P"
"1890","AA",20070504,"9:49:34",35.09,100,0,0,"E","P"
"1891","AA",20070504,"9:49:34",35.09,100,0,0,"E","P"
"1892","AA",20070504,"9:49:34",35.09,100,0,0,"E","P"
"1893","AA",20070504,"9:49:34",35.09,100,0,0,"E","P"
"1894","AA",20070504,"9:49:34",35.09,100,0,0,"E","P"
"1895","AA",20070504,"9:49:34",35.09,100,0,0,"E","P"
"1896","AA",20070504,"9:49:34",35.09,100,0,0,"E","P"
"1897","AA",20070504,"9:49:34",35.09,100,0,0,"E","P"
"1898","AA",20070504,"9:49:34",35.09,100,0,0,"F","P"
"1899","AA",20070504,"9:49:34",35.09,300,0,0,"F","P"
"1900","AA",20070504,"9:49:34",35.09,100,0,0,"F","P"
"1901","AA",20070504,"9:49:34",35.09,100,0,0,"E","P"
"1903","AA",20070504,"9:49:34",35.08,1000,0,0,"F","D"
"1904","AA",20070504,"9:49:35",35.11,100,0,0,"E","P"
"1905","AA",20070504,"9:49:35",35.06,900,0,0,"F","N"
"1906","AA",20070504,"9:49:35",35.08,300,0,0,"E","N"
"1907","AA",20070504,"9:49:35",35.12,100,0,0,"E","P"
"1910","AA",20070504,"9:49:35",35.08,100,0,0,"E","N"
"1911","AA",20070504,"9:49:35",35.08,100,0,0,"E","N"
"1912","AA",20070504,"9:49:35",35.08,100,0,0,"E","N"
"1913","AA",20070504,"9:49:35",35.09,100,0,0,"E","N"
"1914","AA",20070504,"9:49:35",35.09,100,0,0,"E","N"
"1915","AA",20070504,"9:49:35",35.09,100,0,0,"E","N"
"1916","AA",20070504,"9:49:35",35.07,100,0,0,"E","N"
"1917","AA",20070504,"9:49:35",35.06,300,0,0,"E","N"
"1918","AA",20070504,"9:49:35",35.09,100,0,0,"E","N"
"1919","AA",20070504,"9:49:35",35.09,100,0,0,"E","N"
"1920","AA",20070504,"9:49:35",35.09,100,0,0,"E","N"
"1921","AA",20070504,"9:49:35",35.09,100,0,0,"E","N"
"1922","AA",20070504,"9:49:35",35.09,100,0,0,"E","N"
"1923","AA",20070504,"9:49:35",35.09,100,0,0,"E","N"
"1924","AA",20070504,"9:49:35",35.09,100,0,0,"E","N"
"1925","AA",20070504,"9:49:35",35.09,100,0,0,"E","N"
"1926","AA",20070504,"9:49:36",35.09,100,0,0,"E","N"
"1927","AA",20070504,"9:49:36",35.09,100,0,0,"E","N"
"1928","AA",20070504,"9:49:36",35.09,100,0,0,"E","N"
"1929","AA",20070504,"9:49:36",35.09,100,0,0,"E","N"
"1930","AA",20070504,"9:49:36",35.11,300,0,0,"E","N"
"1932","AA",20070504,"9:49:36",35.12,100,0,0,"E","P"
"1933","AA",20070504,"9:49:36",35.13,100,0,0,"E","P"
"1934","AA",20070504,"9:49:36",35.12,100,0,0,"F","P"
"1935","AA",20070504,"9:49:36",35.13,200,0,0,"E","N"
"1944","AA",20070504,"9:49:37",35.11,100,0,0,"E","P"
"1949","AA",20070504,"9:49:38",35.1,100,0,0,"E","N"
"1950","AA",20070504,"9:49:38",35.1,100,0,0,"E","N"
"1951","AA",20070504,"9:49:38",35.1,100,0,0,"E","N"
"1954","AA",20070504,"9:49:40",35.09,100,0,0,"E","P"
"1955","AA",20070504,"9:49:42",35.09,100,0,0,"E","P"
"1956","AA",20070504,"9:49:43",35.09,100,0,0,"E","P"
"1964","AA",20070504,"9:49:45",35.1,100,0,0,"E","P"
"1965","AA",20070504,"9:49:45",35.1,100,0,0,"E","P"
"1966","AA",20070504,"9:49:45",35.1,100,0,0,"E","P"
"1967","AA",20070504,"9:49:45",35.1,100,0,0,"E","P"
"1968","AA",20070504,"9:49:45",35.1,100,0,0,"E","P"
"1969","AA",20070504,"9:49:45",35.1,100,0,0,"E","P"
"1970","AA",20070504,"9:49:45",35.1,100,0,0,"E","P"
"1971","AA",20070504,"9:49:45",35.11,100,0,0,"E","P"
"1972","AA",20070504,"9:49:45",35.11,100,0,0,"E","P"
"1973","AA",20070504,"9:49:45",35.11,100,0,0,"E","P"
"1974","AA",20070504,"9:49:45",35.11,100,0,0,"E","P"
"1975","AA",20070504,"9:49:45",35.11,100,0,0,"E","P"
"1976","AA",20070504,"9:49:45",35.11,100,0,0,"E","P"
"1977","AA",20070504,"9:49:45",35.11,100,0,0,"E","P"
"1978","AA",20070504,"9:49:45",35.11,100,0,0,"E","P"
"1980","AA",20070504,"9:49:45",35.11,100,0,0,"F","P"
"1981","AA",20070504,"9:49:45",35.11,100,0,0,"E","P"
"1982","AA",20070504,"9:49:45",35.11,800,0,0,"E","P"
"1984","AA",20070504,"9:49:45",35.09,300,0,0,"E","N"
"1985","AA",20070504,"9:49:45",35.1,1800,0,0,"F","N"
"1986","AA",20070504,"9:49:45",35.11,100,0,0,"E","P"
"1987","AA",20070504,"9:49:45",35.11,400,0,0,"E","P"
"1992","AA",20070504,"9:49:45",35.11,100,0,0,"E","P"
"1994","AA",20070504,"9:49:46",35.11,100,0,0,"E","N"
"1995","AA",20070504,"9:49:46",35.11,100,0,0,"E","N"
"1997","AA",20070504,"9:49:46",35.12,200,0,0,"E","N"
"1998","AA",20070504,"9:49:49",35.12,800,0,0,"E","N"
"2001","AA",20070504,"9:49:51",35.13,100,0,0,"E","N"
"2002","AA",20070504,"9:49:51",35.14,100,0,0,"E","N"
"2003","AA",20070504,"9:49:53",35.13,100,0,0,"E","N"
"2005","AA",20070504,"9:49:53",35.13,100,0,0,"E","N"
"2008","AA",20070504,"9:49:56",35.12,100,0,0,"E","N"
"2009","AA",20070504,"9:49:58",35.13,100,0,0,"E","N"
"2010","AA",20070504,"9:50:00",35.13,100,0,0,"E","P"
"2026","AA",20070504,"9:50:00",35.13,100,0,0,"E","P"
"2027","AA",20070504,"9:50:00",35.12,100,0,0,"F","P"
"2028","AA",20070504,"9:50:00",35.12,100,0,0,"F","P"
"2031","AA",20070504,"9:50:01",35.12,100,0,0,"E","P"
"2033","AA",20070504,"9:50:01",35.13,200,0,0,"F","N"
"2034","AA",20070504,"9:50:01",35.12,800,0,0,"F","N"
"2035","AA",20070504,"9:50:01",35.12,700,0,0,"F","N"
"2038","AA",20070504,"9:50:01",35.11,100,0,0,"E","P"
"2039","AA",20070504,"9:50:01",35.11,100,0,0,"E","P"
"2043","AA",20070504,"9:50:02",35.11,100,0,0,"E","N"
"2044","AA",20070504,"9:50:02",35.11,100,0,0,"E","P"
"2045","AA",20070504,"9:50:02",35.11,100,0,0,"E","N"
"2048","AA",20070504,"9:50:02",35.11,100,0,0,"E","P"
"2049","AA",20070504,"9:50:02",35.11,100,0,0,"E","P"
"2050","AA",20070504,"9:50:02",35.11,100,0,0,"E","P"
"2051","AA",20070504,"9:50:02",35.11,100,0,0,"E","P"
"2052","AA",20070504,"9:50:02",35.11,100,0,0,"E","P"
"2067","AA",20070504,"9:50:02",35.12,100,0,0,"E","P"
"2068","AA",20070504,"9:50:02",35.12,100,0,0,"E","P"
"2069","AA",20070504,"9:50:02",35.12,100,0,0,"E","P"
"2070","AA",20070504,"9:50:02",35.12,100,0,0,"E","P"
"2071","AA",20070504,"9:50:02",35.12,100,0,0,"E","P"
"2072","AA",20070504,"9:50:02",35.12,100,0,0,"E","P"
"2073","AA",20070504,"9:50:02",35.13,100,0,0,"E","P"
"2074","AA",20070504,"9:50:02",35.13,100,0,0,"E","P"
"2075","AA",20070504,"9:50:02",35.13,100,0,0,"E","P"
"2076","AA",20070504,"9:50:02",35.13,100,0,0,"E","P"
"2077","AA",20070504,"9:50:02",35.13,100,0,0,"E","P"
"2078","AA",20070504,"9:50:02",35.13,100,0,0,"E","P"
"2079","AA",20070504,"9:50:02",35.13,100,0,0,"E","P"
"2080","AA",20070504,"9:50:02",35.13,100,0,0,"E","P"
"2081","AA",20070504,"9:50:02",35.13,100,0,0,"E","P"
"2082","AA",20070504,"9:50:02",35.13,100,0,0,"E","P"
"2088","AA",20070504,"9:50:02",35.13,100,0,0,"E","P"
"2089","AA",20070504,"9:50:02",35.13,100,0,0,"F","P"
"2090","AA",20070504,"9:50:02",35.13,100,0,0,"F","P"
"2091","AA",20070504,"9:50:02",35.13,100,0,0,"F","P"
"2092","AA",20070504,"9:50:02",35.13,100,0,0,"F","P"
"2093","AA",20070504,"9:50:02",35.13,1000,0,0,"F","P"
"2094","AA",20070504,"9:50:02",35.13,100,0,0,"E","P"
"2095","AA",20070504,"9:50:02",35.13,800,0,0,"E","P"
"2096","AA",20070504,"9:50:02",35.13,100,0,0,"E","P"
"2097","AA",20070504,"9:50:02",35.13,1000,0,0,"E","P"
"2098","AA",20070504,"9:50:02",35.13,100,0,0,"E","P"
"2099","AA",20070504,"9:50:02",35.13,100,0,0,"F","P"
"2100","AA",20070504,"9:50:02",35.13,100,0,0,"E","P"
"2101","AA",20070504,"9:50:02",35.13,900,0,0,"E","P"
"2102","AA",20070504,"9:50:03",35.13,100,0,0,"F","P"
"2103","AA",20070504,"9:50:03",35.13,400,0,0,"F","P"
"2106","AA",20070504,"9:50:03",35.11,100,0,0,"E","N"
"2107","AA",20070504,"9:50:03",35.12,400,0,0,"E","N"
"2108","AA",20070504,"9:50:03",35.12,100,0,0,"F","N"
"2109","AA",20070504,"9:50:03",35.12,400,0,0,"E","N"
"2110","AA",20070504,"9:50:03",35.12,100,0,0,"F","N"
"2116","AA",20070504,"9:50:03",35.13,100,0,0,"E","P"
"2117","AA",20070504,"9:50:04",35.14,100,0,0,"E","N"
"2119","AA",20070504,"9:50:04",35.14,100,0,0,"E","P"
"2120","AA",20070504,"9:50:04",35.14,100,0,0,"E","P"
"2121","AA",20070504,"9:50:04",35.14,100,0,0,"E","P"
"2122","AA",20070504,"9:50:04",35.14,100,0,0,"E","P"
"2123","AA",20070504,"9:50:04",35.14,100,0,0,"E","P"
"2124","AA",20070504,"9:50:04",35.14,100,0,0,"E","P"
"2125","AA",20070504,"9:50:05",35.14,500,0,0,"E","N"
"2126","AA",20070504,"9:50:10",35.14,200,0,0,"E","N"
"2127","AA",20070504,"9:50:12",35.14,300,0,0,"F","N"
"2128","AA",20070504,"9:50:13",35.14,100,0,0,"F","N"
"2129","AA",20070504,"9:50:26",35.14,200,0,0,"E","N"
"2130","AA",20070504,"9:50:28",35.15,100,0,0,"E","P"
"2131","AA",20070504,"9:50:28",35.15,100,0,0,"E","P"
"2132","AA",20070504,"9:50:28",35.15,100,0,0,"E","P"
"2144","AA",20070504,"9:50:33",35.15,700,0,0,"E","N"
"2151","AA",20070504,"9:50:34",35.15,100,0,0,"F","C"
"2157","AA",20070504,"9:50:46",35.15,300,0,0,"F","N"
"2170","AA",20070504,"9:50:47",35.16,100,0,0,"F","N"
"2172","AA",20070504,"9:50:48",35.15,100,0,0,"F","N"
"2174","AA",20070504,"9:50:48",35.16,100,0,0,"F","N"
"2175","AA",20070504,"9:50:49",35.14,100,0,0,"F","N"
"2177","AA",20070504,"9:50:52",35.16,200,0,0,"E","N"
"2180","AA",20070504,"9:50:59",35.15,100,0,0,"E","N"
"2181","AA",20070504,"9:50:59",35.15,100,0,0,"E","N"
"2182","AA",20070504,"9:51:00",35.15,100,0,0,"E","N"
"2183","AA",20070504,"9:51:02",35.16,1100,0,0,"E","N"
"2186","AA",20070504,"9:51:03",35.16,600,0,0,"E","N"
"2192","AA",20070504,"9:51:03",35.16,100,0,0,"E","P"
"2193","AA",20070504,"9:51:03",35.16,100,0,0,"E","P"
"2194","AA",20070504,"9:51:03",35.16,200,0,0,"E","P"
"2197","AA",20070504,"9:51:03",35.17,200,0,0,"E","N"
"2198","AA",20070504,"9:51:04",35.16,200,0,0,"E","N"
"2199","AA",20070504,"9:51:04",35.17,100,0,0,"E","N"
"2203","AA",20070504,"9:51:06",35.18,100,0,0,"E","P"
"2204","AA",20070504,"9:51:06",35.18,300,0,0,"E","N"
"2206","AA",20070504,"9:51:07",35.18,100,0,0,"E","N"
"2207","AA",20070504,"9:51:07",35.18,100,0,0,"E","P"
"2209","AA",20070504,"9:51:14",35.18,300,0,0,"E","N"
"2211","AA",20070504,"9:51:14",35.18,100,0,0,"E","N"
"2214","AA",20070504,"9:51:16",35.18,100,0,0,"E","N"
"2217","AA",20070504,"9:51:22",35.19,100,0,0,"E","P"
"2218","AA",20070504,"9:51:23",35.18,700,0,0,"E","N"
"2219","AA",20070504,"9:51:27",35.18,100,0,0,"E","N"
"2220","AA",20070504,"9:51:30",35.18,400,0,0,"E","N"
"2221","AA",20070504,"9:51:32",35.19,100,0,0,"E","N"
"2223","AA",20070504,"9:51:34",35.18,500,0,0,"F","N"
"2226","AA",20070504,"9:51:39",35.17,100,0,0,"F","N"
"2229","AA",20070504,"9:51:42",35.17,200,0,0,"E","P"
"2230","AA",20070504,"9:51:44",35.17,700,0,0,"E","N"
"2233","AA",20070504,"9:51:47",35.17,100,0,0,"F","N"
"2234","AA",20070504,"9:51:48",35.17,300,0,0,"E","N"
"2236","AA",20070504,"9:51:52",35.17,100,0,0,"E","N"
"2237","AA",20070504,"9:51:52",35.18,400,0,0,"E","N"
"2238","AA",20070504,"9:51:53",35.18,200,0,0,"E","N"
"2241","AA",20070504,"9:51:55",35.17,100,0,0,"E","P"
"2242","AA",20070504,"9:51:57",35.17,100,0,0,"E","P"
"2243","AA",20070504,"9:51:57",35.17,200,0,0,"E","P"
"2245","AA",20070504,"9:51:57",35.16,800,0,0,"F","N"
"2247","AA",20070504,"9:51:57",35.15,100,0,0,"E","P"
"2248","AA",20070504,"9:51:57",35.15,100,0,0,"E","P"
"2255","AA",20070504,"9:51:58",35.15,600,0,0,"F","N"
"2256","AA",20070504,"9:51:58",35.16,100,0,0,"E","P"
"2257","AA",20070504,"9:51:58",35.16,100,0,0,"E","P"
"2258","AA",20070504,"9:51:58",35.16,100,0,0,"E","P"
"2259","AA",20070504,"9:51:58",35.15,100,0,0,"F","N"
"2260","AA",20070504,"9:51:59",35.16,100,0,0,"E","P"
"2261","AA",20070504,"9:51:59",35.16,100,0,0,"E","P"
"2262","AA",20070504,"9:51:59",35.16,400,0,0,"E","N"
"2265","AA",20070504,"9:52:02",35.14,200,0,0,"E","N"
"2266","AA",20070504,"9:52:02",35.14,100,0,0,"E","N"
"2267","AA",20070504,"9:52:07",35.14,500,0,0,"E","N"
"2271","AA",20070504,"9:52:11",35.15,300,0,0,"E","N"
"2282","AA",20070504,"9:52:29",35.15,400,0,0,"E","N"
"2283","AA",20070504,"9:52:30",35.14,200,0,0,"E","N"
"2284","AA",20070504,"9:52:30",35.14,700,0,0,"E","N"
"2285","AA",20070504,"9:52:30",35.15,200,0,0,"F","N"
"2288","AA",20070504,"9:52:34",35.15,100,0,0,"F","N"
"2291","AA",20070504,"9:52:35",35.15,300,0,0,"F","N"
"2292","AA",20070504,"9:52:35",35.15,400,0,0,"F","N"
"2295","AA",20070504,"9:52:38",35.16,200,0,0,"E","N"
"2296","AA",20070504,"9:52:40",35.16,100,0,0,"E","N"
"2297","AA",20070504,"9:52:42",35.16,100,0,0,"E","N"
"2300","AA",20070504,"9:52:46",35.16,400,0,0,"E","N"
"2301","AA",20070504,"9:52:46",35.16,100,0,0,"E","P"
"2302","AA",20070504,"9:52:46",35.16,100,0,0,"E","P"
"2304","AA",20070504,"9:52:48",35.17,200,0,0,"E","N"
"2307","AA",20070504,"9:52:53",35.17,100,0,0,"E","P"
"2308","AA",20070504,"9:52:53",35.17,100,0,0,"E","P"
"2309","AA",20070504,"9:52:53",35.17,100,0,0,"E","P"
"2310","AA",20070504,"9:53:01",35.16,100,0,0,"E","N"
"2311","AA",20070504,"9:53:06",35.16,900,0,0,"E","N"
"2316","AA",20070504,"9:53:16",35.17,200,0,0,"E","N"
"2319","AA",20070504,"9:53:23",35.16,700,0,0,"E","N"
"2321","AA",20070504,"9:53:25",35.16,200,0,0,"E","N"
"2322","AA",20070504,"9:53:25",35.17,200,0,0,"E","N"
"2327","AA",20070504,"9:53:25",35.17,100,0,0,"E","P"
"2328","AA",20070504,"9:53:26",35.17,800,0,0,"E","N"
"2330","AA",20070504,"9:53:26",35.17,100,0,0,"F","N"
"2335","AA",20070504,"9:53:26",35.17,100,0,0,"E","N"
"2338","AA",20070504,"9:53:29",35.17,100,0,0,"E","N"
"2341","AA",20070504,"9:53:29",35.17,100,0,0,"E","N"
"2343","AA",20070504,"9:53:30",35.17,100,0,0,"E","N"
"2344","AA",20070504,"9:53:32",35.18,100,0,0,"E","N"
"2347","AA",20070504,"9:53:32",35.18,100,0,0,"E","P"
"2348","AA",20070504,"9:53:32",35.18,100,0,0,"E","P"
"2349","AA",20070504,"9:53:32",35.18,100,0,0,"E","P"
"2350","AA",20070504,"9:53:32",35.18,100,0,0,"E","P"
"2351","AA",20070504,"9:53:32",35.18,100,0,0,"E","P"
"2352","AA",20070504,"9:53:33",35.18,100,0,0,"E","P"
"2356","AA",20070504,"9:53:38",35.18,1500,0,0,"F","N"
"2360","AA",20070504,"9:53:45",35.18,200,0,0,"F","N"
"2362","AA",20070504,"9:53:53",35.18,700,0,0,"E","N"
"2363","AA",20070504,"9:53:56",35.19,100,0,0,"E","P"
"2364","AA",20070504,"9:53:56",35.19,100,0,0,"E","P"
"2365","AA",20070504,"9:53:56",35.19,100,0,0,"E","P"
"2368","AA",20070504,"9:54:00",35.19,300,0,0,"F","N"
"2369","AA",20070504,"9:54:00",35.19,2200,0,0,"F","N"
"2374","AA",20070504,"9:54:00",35.19,100,0,0,"E","N"
"2376","AA",20070504,"9:54:05",35.18,100,0,0,"F","N"
"2377","AA",20070504,"9:54:06",35.2,100,0,0,"E","N"
"2378","AA",20070504,"9:54:07",35.2,300,0,0,"E","N"
"2379","AA",20070504,"9:54:08",35.2,100,0,0,"E","P"
"2380","AA",20070504,"9:54:08",35.2,100,0,0,"E","P"
"2381","AA",20070504,"9:54:08",35.2,100,0,0,"E","P"
"2382","AA",20070504,"9:54:08",35.2,100,0,0,"E","P"
"2383","AA",20070504,"9:54:08",35.2,600,0,0,"E","P"
"2384","AA",20070504,"9:54:11",35.18,200,0,0,"F","N"
"2385","AA",20070504,"9:54:20",35.2,200,0,0,"E","P"
"2386","AA",20070504,"9:54:20",35.2,100,0,0,"E","P"
"2387","AA",20070504,"9:54:24",35.19,100,0,0,"E","N"
"2393","AA",20070504,"9:54:24",35.18,2500,0,0,"E","N"
"2395","AA",20070504,"9:54:24",35.18,100,0,0,"E","P"
"2397","AA",20070504,"9:54:24",35.18,100,0,0,"E","P"
"2398","AA",20070504,"9:54:24",35.17,100,0,0,"E","P"
"2399","AA",20070504,"9:54:25",35.17,100,0,0,"E","P"
"2400","AA",20070504,"9:54:25",35.17,100,0,0,"E","P"
"2401","AA",20070504,"9:54:25",35.19,300,0,0,"E","N"
"2402","AA",20070504,"9:54:25",35.19,100,0,0,"E","P"
"2403","AA",20070504,"9:54:25",35.19,100,0,0,"E","P"
"2404","AA",20070504,"9:54:25",35.17,100,0,0,"E","N"
"2405","AA",20070504,"9:54:25",35.17,400,0,0,"E","N"
"2407","AA",20070504,"9:54:26",35.16,400,0,0,"E","N"
"2409","AA",20070504,"9:54:29",35.16,100,0,0,"E","N"
"2410","AA",20070504,"9:54:29",35.16,900,0,0,"E","N"
"2411","AA",20070504,"9:54:30",35.16,1400,0,0,"E","N"
"2414","AA",20070504,"9:54:32",35.16,400,0,0,"E","N"
"2415","AA",20070504,"9:54:32",35.17,1100,0,0,"E","N"
"2424","AA",20070504,"9:54:36",35.17,100,0,0,"E","P"
"2425","AA",20070504,"9:54:36",35.17,100,0,0,"E","P"
"2426","AA",20070504,"9:54:36",35.17,100,0,0,"E","P"
"2427","AA",20070504,"9:54:36",35.17,100,0,0,"E","P"
"2428","AA",20070504,"9:54:36",35.17,100,0,0,"E","P"
"2429","AA",20070504,"9:54:36",35.17,100,0,0,"E","P"
"2430","AA",20070504,"9:54:36",35.17,100,0,0,"F","C"
"2431","AA",20070504,"9:54:37",35.17,400,0,0,"F","N"
"2432","AA",20070504,"9:54:37",35.17,100,0,0,"E","P"
"2439","AA",20070504,"9:54:44",35.18,100,0,0,"E","N"
"2440","AA",20070504,"9:54:45",35.18,100,0,0,"E","N"
"2442","AA",20070504,"9:54:56",35.19,100,0,0,"E","N"
"2447","AA",20070504,"9:54:59",35.18,100,0,0,"E","P"
"2448","AA",20070504,"9:54:59",35.18,100,0,0,"E","P"
"2449","AA",20070504,"9:54:59",35.18,100,0,0,"E","P"
"2450","AA",20070504,"9:54:59",35.18,100,0,0,"E","P"
"2451","AA",20070504,"9:54:59",35.18,500,0,0,"E","N"
"2452","AA",20070504,"9:54:59",35.17,2100,0,0,"E","N"
"2453","AA",20070504,"9:55:00",35.17,400,0,0,"E","N"
"2455","AA",20070504,"9:55:07",35.17,900,0,0,"E","N"
"2457","AA",20070504,"9:55:14",35.17,200,0,0,"E","N"
"2464","AA",20070504,"9:55:17",35.18,100,0,0,"E","P"
"2465","AA",20070504,"9:55:17",35.18,100,0,0,"E","P"
"2466","AA",20070504,"9:55:18",35.18,100,0,0,"E","P"
"2467","AA",20070504,"9:55:18",35.18,100,0,0,"F","C"
"2468","AA",20070504,"9:55:18",35.17,100,0,0,"E","N"
"2469","AA",20070504,"9:55:18",35.18,600,0,0,"F","N"
"2470","AA",20070504,"9:55:23",35.17,600,0,0,"E","N"
"2471","AA",20070504,"9:55:23",35.18,800,0,0,"E","N"
"2472","AA",20070504,"9:55:24",35.17,200,0,0,"E","N"
"2483","AA",20070504,"9:55:27",35.18,200,0,0,"E","P"
"2484","AA",20070504,"9:55:27",35.18,300,0,0,"E","P"
"2485","AA",20070504,"9:55:27",35.18,100,0,0,"F","N"
"2488","AA",20070504,"9:55:28",35.18,100,0,0,"F","N"
"2489","AA",20070504,"9:55:30",35.17,100,0,0,"E","N"
"2490","AA",20070504,"9:55:31",35.18,200,0,0,"E","P"
"2491","AA",20070504,"9:55:31",35.18,100,0,0,"E","P"
"2496","AA",20070504,"9:55:31",35.18,100,0,0,"E","N"
"2502","AA",20070504,"9:55:31",35.18,100,0,0,"E","N"
"2503","AA",20070504,"9:55:31",35.17,200,0,0,"E","N"
"2504","AA",20070504,"9:55:33",35.17,400,0,0,"E","N"
"2509","AA",20070504,"9:55:43",35.17,700,0,0,"F","N"
"2511","AA",20070504,"9:55:44",35.18,200,0,0,"E","N"
"2512","AA",20070504,"9:55:44",35.17,300,0,0,"E","N"
"2513","AA",20070504,"9:55:44",35.18,100,0,0,"E","N"
"2515","AA",20070504,"9:55:52",35.18,100,0,0,"E","N"
"2516","AA",20070504,"9:56:10",35.17,300,0,0,"E","N"
"2517","AA",20070504,"9:56:11",35.17,500,0,0,"E","N"
"2518","AA",20070504,"9:56:17",35.17,200,0,0,"E","N"
"2524","AA",20070504,"9:56:27",35.18,100,0,0,"E","N"
"2526","AA",20070504,"9:56:27",35.17,200,0,0,"E","P"
"2533","AA",20070504,"9:56:31",35.17,100,0,0,"E","P"
"2534","AA",20070504,"9:56:31",35.17,100,0,0,"E","P"
"2535","AA",20070504,"9:56:31",35.17,100,0,0,"E","N"
"2536","AA",20070504,"9:56:31",35.17,100,0,0,"E","N"
"2537","AA",20070504,"9:56:33",35.17,200,0,0,"E","N"
"2540","AA",20070504,"9:56:34",35.17,100,0,0,"E","P"
"2541","AA",20070504,"9:56:34",35.17,100,0,0,"E","N"
"2553","AA",20070504,"9:56:40",35.18,200,0,0,"E","P"
"2554","AA",20070504,"9:56:40",35.18,100,0,0,"E","P"
"2555","AA",20070504,"9:56:40",35.18,200,0,0,"E","P"
"2556","AA",20070504,"9:56:40",35.18,300,0,0,"E","P"
"2557","AA",20070504,"9:56:40",35.18,1100,0,0,"E","N"
"2558","AA",20070504,"9:56:41",35.18,200,0,0,"E","N"
"2559","AA",20070504,"9:56:42",35.18,2500,0,0,"F","N"
"2560","AA",20070504,"9:56:42",35.18,100,0,0,"E","N"
"2561","AA",20070504,"9:56:43",35.18,100,0,0,"E","N"
"2562","AA",20070504,"9:56:46",35.18,100,0,0,"E","N"
"2563","AA",20070504,"9:56:47",35.18,600,0,0,"E","N"
"2564","AA",20070504,"9:56:47",35.17,100,0,0,"F","N"
"2565","AA",20070504,"9:56:50",35.17,800,0,0,"E","N"
"2569","AA",20070504,"9:56:53",35.19,100,0,0,"E","P"
"2570","AA",20070504,"9:56:53",35.19,100,0,0,"E","P"
"2571","AA",20070504,"9:56:53",35.19,100,0,0,"E","P"
"2572","AA",20070504,"9:56:53",35.19,100,0,0,"E","P"
"2573","AA",20070504,"9:56:53",35.19,100,0,0,"E","P"
"2574","AA",20070504,"9:56:54",35.19,400,0,0,"E","N"
"2575","AA",20070504,"9:56:55",35.19,200,0,0,"E","N"
"2576","AA",20070504,"9:57:03",35.18,900,0,0,"E","N"
"2577","AA",20070504,"9:57:04",35.18,100,0,0,"E","P"
"2578","AA",20070504,"9:57:04",35.18,100,0,0,"E","N"
"2579","AA",20070504,"9:57:05",35.19,100,0,0,"E","P"
"2580","AA",20070504,"9:57:05",35.19,300,0,0,"E","P"
"2582","AA",20070504,"9:57:07",35.17,100,0,0,"E","N"
"2586","AA",20070504,"9:57:08",35.18,400,0,0,"E","N"
"2587","AA",20070504,"9:57:08",35.19,400,0,0,"E","N"
"2588","AA",20070504,"9:57:11",35.19,500,0,0,"E","N"
"2589","AA",20070504,"9:57:17",35.19,600,0,0,"E","P"
"2592","AA",20070504,"9:57:19",35.19,400,0,0,"E","P"
"2598","AA",20070504,"9:57:23",35.19,600,0,0,"E","N"
"2602","AA",20070504,"9:57:28",35.2,100,0,0,"E","P"
"2603","AA",20070504,"9:57:28",35.2,100,0,0,"E","P"
"2604","AA",20070504,"9:57:28",35.2,200,0,0,"E","P"
"2608","AA",20070504,"9:57:29",35.2,300,0,0,"F","N"
"2609","AA",20070504,"9:57:30",35.2,100,0,0,"E","N"
"2612","AA",20070504,"9:57:40",35.2,100,0,0,"E","P"
"2613","AA",20070504,"9:57:40",35.2,100,0,0,"E","P"
"2614","AA",20070504,"9:57:40",35.2,700,0,0,"E","P"
"2619","AA",20070504,"9:57:43",35.19,200,0,0,"E","N"
"2623","AA",20070504,"9:57:51",35.2,100,0,0,"E","P"
"2624","AA",20070504,"9:57:52",35.2,200,0,0,"E","P"
"2625","AA",20070504,"9:57:52",35.2,200,0,0,"E","P"
"2626","AA",20070504,"9:57:52",35.2,500,0,0,"E","P"
"2627","AA",20070504,"9:57:53",35.19,300,0,0,"E","N"
"2632","AA",20070504,"9:58:04",35.2,300,0,0,"E","P"
"2633","AA",20070504,"9:58:04",35.19,500,0,0,"E","N"
"2634","AA",20070504,"9:58:08",35.2,200,0,0,"E","P"
"2635","AA",20070504,"9:58:08",35.2,100,0,0,"E","P"
"2636","AA",20070504,"9:58:08",35.2,200,0,0,"E","P"
"2637","AA",20070504,"9:58:08",35.2,100,0,0,"E","P"
"2639","AA",20070504,"9:58:15",35.2,400,0,0,"F","N"
"2645","AA",20070504,"9:58:16",35.2,300,0,0,"E","N"
"2649","AA",20070504,"9:58:18",35.21,200,0,0,"E","N"
"2650","AA",20070504,"9:58:19",35.21,500,0,0,"E","N"
"2651","AA",20070504,"9:58:19",35.21,100,0,0,"E","N"
"2662","AA",20070504,"9:58:21",35.21,100,0,0,"E","N"
"2664","AA",20070504,"9:58:23",35.21,1000,0,0,"E","N"
"2665","AA",20070504,"9:58:28",35.21,200,0,0,"F","N"
"2666","AA",20070504,"9:58:29",35.22,1500,0,0,"E","N"
"2667","AA",20070504,"9:58:29",35.21,200,0,0,"E","N"
"2668","AA",20070504,"9:58:29",35.21,300,0,0,"E","N"
"2669","AA",20070504,"9:58:29",35.21,600,0,0,"E","N"
"2670","AA",20070504,"9:58:30",35.21,100,0,0,"E","N"
"2671","AA",20070504,"9:58:37",35.21,300,0,0,"E","N"
"2672","AA",20070504,"9:58:37",35.2,200,0,0,"F","N"
"2673","AA",20070504,"9:58:39",35.21,800,0,0,"E","P"
"2674","AA",20070504,"9:58:40",35.21,700,0,0,"E","N"
"2675","AA",20070504,"9:58:40",35.21,200,0,0,"E","P"
"2678","AA",20070504,"9:58:42",35.21,100,0,0,"E","P"
"2680","AA",20070504,"9:58:49",35.22,300,0,0,"E","P"
"2681","AA",20070504,"9:58:49",35.22,200,0,0,"E","N"
"2682","AA",20070504,"9:58:49",35.22,200,0,0,"E","P"
"2690","AA",20070504,"9:58:53",35.23,100,0,0,"E","P"
"2691","AA",20070504,"9:58:53",35.23,100,0,0,"F","C"
"2693","AA",20070504,"9:58:54",35.23,800,0,0,"F","N"
"2699","AA",20070504,"9:58:55",35.23,100,0,0,"E","N"
"2700","AA",20070504,"9:58:55",35.24,100,0,0,"E","P"
"2701","AA",20070504,"9:58:55",35.24,100,0,0,"E","P"
"2702","AA",20070504,"9:58:55",35.24,100,0,0,"E","P"
"2703","AA",20070504,"9:58:55",35.24,100,0,0,"E","P"
"2704","AA",20070504,"9:58:55",35.24,100,0,0,"E","P"
"2705","AA",20070504,"9:58:55",35.24,100,0,0,"E","P"
"2706","AA",20070504,"9:58:55",35.24,100,0,0,"E","P"
"2707","AA",20070504,"9:58:56",35.24,100,0,0,"E","N"
"2708","AA",20070504,"9:58:57",35.24,100,0,0,"E","P"
"2710","AA",20070504,"9:59:03",35.23,200,0,0,"E","N"
"2711","AA",20070504,"9:59:03",35.24,800,0,0,"E","N"
"2713","AA",20070504,"9:59:06",35.24,100,0,0,"E","N"
"2717","AA",20070504,"9:59:15",35.24,100,0,0,"E","P"
"2718","AA",20070504,"9:59:16",35.24,1200,0,0,"F","N"
"2719","AA",20070504,"9:59:17",35.24,100,0,0,"E","P"
"2722","AA",20070504,"9:59:21",35.24,3000,0,0,"E","N"
"2723","AA",20070504,"9:59:23",35.23,700,0,0,"E","N"
"2728","AA",20070504,"9:59:23",35.24,800,0,0,"E","P"
"2729","AA",20070504,"9:59:23",35.24,200,0,0,"E","N"
"2730","AA",20070504,"9:59:24",35.24,100,0,0,"E","N"
"2735","AA",20070504,"9:59:25",35.25,200,0,0,"F","D"
"2736","AA",20070504,"9:59:25",35.25,100,0,0,"E","N"
"2737","AA",20070504,"9:59:25",35.25,100,0,0,"E","N"
"2738","AA",20070504,"9:59:25",35.25,100,0,0,"E","N"
"2739","AA",20070504,"9:59:25",35.25,200,0,0,"E","N"
"2740","AA",20070504,"9:59:25",35.25,100,0,0,"E","N"
"2741","AA",20070504,"9:59:26",35.25,600,0,0,"E","N"
"2742","AA",20070504,"9:59:26",35.25,100,0,0,"E","N"
"2743","AA",20070504,"9:59:26",35.25,600,0,0,"E","N"
"2744","AA",20070504,"9:59:26",35.25,100,0,0,"E","N"
"2745","AA",20070504,"9:59:26",35.25,500,0,0,"E","N"
"2746","AA",20070504,"9:59:26",35.25,100,0,0,"E","N"
"2747","AA",20070504,"9:59:27",35.26,100,0,0,"E","N"
"2748","AA",20070504,"9:59:27",35.26,100,0,0,"E","N"
"2749","AA",20070504,"9:59:27",35.26,1100,0,0,"E","N"
"2751","AA",20070504,"9:59:35",35.26,500,0,0,"E","N"
"2752","AA",20070504,"9:59:37",35.27,500,0,0,"E","N"
"2753","AA",20070504,"9:59:41",35.26,100,0,0,"E","N"
"2754","AA",20070504,"9:59:51",35.26,700,0,0,"E","N"
"2755","AA",20070504,"9:59:59",35.27,600,0,0,"E","P"
"2756","AA",20070504,"10:00:01",35.27,200,0,0,"E","N"
"2768","AA",20070504,"10:00:01",35.26,100,0,0,"E","P"
"2769","AA",20070504,"10:00:01",35.26,100,0,0,"E","P"
"2770","AA",20070504,"10:00:01",35.26,100,0,0,"E","P"
"2771","AA",20070504,"10:00:01",35.26,100,0,0,"E","P"
"2772","AA",20070504,"10:00:02",35.26,100,0,0,"E","P"
"2773","AA",20070504,"10:00:02",35.26,300,0,0,"E","P"
"2774","AA",20070504,"10:00:02",35.26,300,0,0,"E","P"
"2777","AA",20070504,"10:00:02",35.26,2900,0,0,"F","N"
"2786","AA",20070504,"10:00:02",35.26,200,0,0,"E","N"
"2787","AA",20070504,"10:00:02",35.26,100,0,0,"E","N"
"2788","AA",20070504,"10:00:03",35.25,300,0,0,"E","N"
"2789","AA",20070504,"10:00:03",35.25,900,0,0,"E","N"
"2790","AA",20070504,"10:00:03",35.25,100,0,0,"E","N"
"2791","AA",20070504,"10:00:03",35.25,100,0,0,"E","N"
"2792","AA",20070504,"10:00:03",35.25,100,0,0,"E","N"
"2793","AA",20070504,"10:00:05",35.25,100,0,0,"E","N"
"2794","AA",20070504,"10:00:05",35.25,100,0,0,"E","N"
"2796","AA",20070504,"10:00:06",35.25,100,0,0,"E","N"
"2797","AA",20070504,"10:00:06",35.25,100,0,0,"E","N"
"2799","AA",20070504,"10:00:08",35.25,200,0,0,"E","N"
"2800","AA",20070504,"10:00:08",35.25,200,0,0,"E","N"
"2801","AA",20070504,"10:00:09",35.25,500,0,0,"E","N"
"2802","AA",20070504,"10:00:10",35.25,300,0,0,"E","N"
"2803","AA",20070504,"10:00:11",35.26,2000,0,0,"E","N"
"2804","AA",20070504,"10:00:11",35.26,200,0,0,"E","P"
"2805","AA",20070504,"10:00:11",35.26,100,0,0,"E","P"
"2806","AA",20070504,"10:00:11",35.26,200,0,0,"E","P"
"2807","AA",20070504,"10:00:11",35.26,100,0,0,"E","P"
"2808","AA",20070504,"10:00:11",35.26,100,0,0,"E","P"
"2809","AA",20070504,"10:00:11",35.26,100,0,0,"E","P"
"2810","AA",20070504,"10:00:11",35.26,100,0,0,"E","P"
"2811","AA",20070504,"10:00:12",35.26,200,0,0,"E","P"
"2812","AA",20070504,"10:00:12",35.26,400,0,0,"E","P"
"2813","AA",20070504,"10:00:12",35.26,300,0,0,"E","P"
"2814","AA",20070504,"10:00:12",35.26,200,0,0,"E","P"
"2815","AA",20070504,"10:00:14",35.26,600,0,0,"E","N"
"2816","AA",20070504,"10:00:14",35.26,500,0,0,"E","P"
"2817","AA",20070504,"10:00:14",35.26,100,0,0,"E","P"
"2824","AA",20070504,"10:00:15",35.27,200,0,0,"E","P"
"2831","AA",20070504,"10:00:15",35.27,100,0,0,"E","N"
"2832","AA",20070504,"10:00:15",35.27,100,0,0,"E","N"
"2833","AA",20070504,"10:00:16",35.28,500,0,0,"E","N"
"2834","AA",20070504,"10:00:16",35.28,100,0,0,"E","N"
"2835","AA",20070504,"10:00:16",35.28,100,0,0,"E","N"
"2836","AA",20070504,"10:00:16",35.28,100,0,0,"E","N"
"2837","AA",20070504,"10:00:16",35.28,100,0,0,"E","N"
"2838","AA",20070504,"10:00:16",35.28,100,0,0,"E","N"
"2840","AA",20070504,"10:00:17",35.28,200,0,0,"E","N"
"2843","AA",20070504,"10:00:18",35.29,100,0,0,"E","N"
"2844","AA",20070504,"10:00:18",35.28,600,0,0,"E","N"
"2847","AA",20070504,"10:00:20",35.29,100,0,0,"E","N"
"2848","AA",20070504,"10:00:22",35.29,100,0,0,"E","N"
"2851","AA",20070504,"10:00:23",35.29,1000,0,0,"E","N"
"2852","AA",20070504,"10:00:25",35.29,200,0,0,"E","N"
"2853","AA",20070504,"10:00:25",35.3,1000,0,0,"E","N"
"2857","AA",20070504,"10:00:27",35.3,100,0,0,"E","P"
"2858","AA",20070504,"10:00:27",35.3,100,0,0,"E","P"
"2859","AA",20070504,"10:00:27",35.3,100,0,0,"E","N"
"2862","AA",20070504,"10:00:37",35.32,100,0,0,"E","P"
"2866","AA",20070504,"10:00:38",35.32,100,0,0,"E","N"
"2867","AA",20070504,"10:00:38",35.32,100,0,0,"E","N"
"2868","AA",20070504,"10:00:38",35.32,300,0,0,"E","N"
"2869","AA",20070504,"10:00:38",35.33,500,0,0,"E","N"
"2875","AA",20070504,"10:00:38",35.32,100,0,0,"E","P"
"2876","AA",20070504,"10:00:38",35.33,100,0,0,"F","N"
"2877","AA",20070504,"10:00:38",35.33,100,0,0,"F","N"
"2879","AA",20070504,"10:00:39",35.33,100,0,0,"E","N"
"2882","AA",20070504,"10:00:40",35.33,100,0,0,"E","N"
"2883","AA",20070504,"10:00:40",35.34,100,0,0,"F","N"
"2887","AA",20070504,"10:00:41",35.34,1000,0,0,"E","N"
"2888","AA",20070504,"10:00:44",35.33,200,0,0,"E","N"
"2889","AA",20070504,"10:00:44",35.33,500,0,0,"E","N"
"2890","AA",20070504,"10:00:47",35.33,300,0,0,"E","N"
"2891","AA",20070504,"10:00:47",35.33,100,0,0,"E","N"
"2892","AA",20070504,"10:00:47",35.33,200,0,0,"E","N"
"2896","AA",20070504,"10:00:48",35.33,200,0,0,"E","N"
"2897","AA",20070504,"10:00:49",35.33,100,0,0,"E","N"
"2911","AA",20070504,"10:00:50",35.34,700,0,0,"E","N"
"2913","AA",20070504,"10:00:51",35.33,200,0,0,"E","N"
"2921","AA",20070504,"10:00:52",35.34,100,0,0,"E","P"
"2922","AA",20070504,"10:00:53",35.34,100,0,0,"F","C"
"2923","AA",20070504,"10:00:53",35.34,100,0,0,"E","P"
"2926","AA",20070504,"10:00:53",35.34,200,0,0,"F","N"
"2929","AA",20070504,"10:00:54",35.34,200,0,0,"E","N"
"2930","AA",20070504,"10:00:54",35.34,100,0,0,"E","N"
"2931","AA",20070504,"10:00:55",35.35,2000,0,0,"E","N"
"2932","AA",20070504,"10:00:55",35.34,700,0,0,"E","N"
"2933","AA",20070504,"10:00:55",35.35,200,0,0,"E","N"
"2936","AA",20070504,"10:00:55",35.35,100,0,0,"E","P"
"2937","AA",20070504,"10:00:55",35.35,100,0,0,"E","P"
"2938","AA",20070504,"10:00:55",35.35,500,0,0,"E","P"
"2939","AA",20070504,"10:00:55",35.35,100,0,0,"E","P"
"2940","AA",20070504,"10:00:56",35.35,900,0,0,"E","P"
"2941","AA",20070504,"10:00:56",35.35,100,0,0,"E","P"
"2946","AA",20070504,"10:00:56",35.35,100,0,0,"E","N"
"2949","AA",20070504,"10:00:57",35.35,100,0,0,"E","N"
"2950","AA",20070504,"10:00:57",35.35,100,0,0,"E","N"
"2951","AA",20070504,"10:00:57",35.35,700,0,0,"E","N"
"2952","AA",20070504,"10:00:57",35.35,200,0,0,"F","D"
"2956","AA",20070504,"10:00:57",35.36,1000,0,0,"E","P"
"2957","AA",20070504,"10:00:57",35.36,1000,0,0,"E","N"
"2958","AA",20070504,"10:00:58",35.36,900,0,0,"E","N"
"2959","AA",20070504,"10:00:59",35.37,100,0,0,"E","N"
"2961","AA",20070504,"10:00:59",35.36,600,0,0,"E","N"
"2962","AA",20070504,"10:01:01",35.37,100,0,0,"E","N"
"2963","AA",20070504,"10:01:01",35.37,100,0,0,"E","P"
"2964","AA",20070504,"10:01:02",35.37,200,0,0,"E","N"
"2965","AA",20070504,"10:01:02",35.37,100,0,0,"E","N"
"2966","AA",20070504,"10:01:04",35.37,100,0,0,"E","N"
"2967","AA",20070504,"10:01:04",35.36,200,0,0,"E","N"
"2971","AA",20070504,"10:01:05",35.36,400,0,0,"F","N"
"2972","AA",20070504,"10:01:05",35.37,100,0,0,"E","P"
"2973","AA",20070504,"10:01:05",35.37,4700,0,0,"E","N"
"2977","AA",20070504,"10:01:05",35.37,100,0,0,"F","N"
"2978","AA",20070504,"10:01:06",35.38,100,0,0,"E","N"
"2980","AA",20070504,"10:01:06",35.38,100,0,0,"E","N"
"2986","AA",20070504,"10:01:07",35.38,100,0,0,"E","N"
"2987","AA",20070504,"10:01:07",35.39,100,0,0,"E","N"
"2988","AA",20070504,"10:01:07",35.39,100,0,0,"E","N"
"2989","AA",20070504,"10:01:08",35.38,200,0,0,"E","N"
"2990","AA",20070504,"10:01:08",35.38,100,0,0,"E","P"
"2991","AA",20070504,"10:01:08",35.38,100,0,0,"E","P"
"2992","AA",20070504,"10:01:09",35.39,300,0,0,"E","N"
"2993","AA",20070504,"10:01:09",35.39,100,0,0,"E","P"
"2994","AA",20070504,"10:01:09",35.39,100,0,0,"E","P"
"2995","AA",20070504,"10:01:11",35.39,100,0,0,"E","N"
"3001","AA",20070504,"10:01:12",35.4,100,0,0,"E","P"
"3006","AA",20070504,"10:01:13",35.4,400,0,0,"F","N"
"3007","AA",20070504,"10:01:14",35.4,100,0,0,"E","N"
"3008","AA",20070504,"10:01:14",35.4,100,0,0,"F","N"
"3009","AA",20070504,"10:01:14",35.4,600,0,0,"F","N"
"3013","AA",20070504,"10:01:17",35.41,500,0,0,"E","N"
"3018","AA",20070504,"10:01:19",35.41,100,0,0,"E","P"
"3019","AA",20070504,"10:01:19",35.41,100,0,0,"E","P"
"3020","AA",20070504,"10:01:19",35.41,100,0,0,"E","P"
"3021","AA",20070504,"10:01:19",35.41,100,0,0,"E","P"
"3022","AA",20070504,"10:01:19",35.41,3700,0,0,"E","P"
"3023","AA",20070504,"10:01:20",35.4,100,0,0,"F","P"
"3024","AA",20070504,"10:01:20",35.4,100,0,0,"F","P"
"3025","AA",20070504,"10:01:20",35.4,100,0,0,"F","P"
"3026","AA",20070504,"10:01:20",35.4,100,0,0,"F","P"
"3027","AA",20070504,"10:01:20",35.4,100,0,0,"F","P"
"3034","AA",20070504,"10:01:20",35.41,100,0,0,"E","P"
"3035","AA",20070504,"10:01:20",35.41,300,0,0,"E","N"
"3036","AA",20070504,"10:01:20",35.41,400,0,0,"E","P"
"3037","AA",20070504,"10:01:20",35.41,100,0,0,"E","P"
"3038","AA",20070504,"10:01:20",35.41,100,0,0,"E","P"
"3041","AA",20070504,"10:01:20",35.41,100,0,0,"E","P"
"3042","AA",20070504,"10:01:20",35.41,100,0,0,"E","P"
"3043","AA",20070504,"10:01:20",35.41,500,0,0,"E","N"
"3047","AA",20070504,"10:01:20",35.41,700,0,0,"E","N"
"3048","AA",20070504,"10:01:21",35.41,200,0,0,"E","N"
"3049","AA",20070504,"10:01:21",35.41,100,0,0,"E","N"
"3050","AA",20070504,"10:01:21",35.41,100,0,0,"E","N"
"3051","AA",20070504,"10:01:21",35.41,200,0,0,"E","N"
"3054","AA",20070504,"10:01:23",35.41,700,0,0,"E","N"
"3055","AA",20070504,"10:01:26",35.41,2400,0,0,"E","N"
"3056","AA",20070504,"10:01:26",35.41,100,0,0,"E","P"
"3057","AA",20070504,"10:01:26",35.41,100,0,0,"E","P"
"3061","AA",20070504,"10:01:28",35.41,100,0,0,"E","N"
"3062","AA",20070504,"10:01:28",35.4,2500,0,0,"E","N"
"3069","AA",20070504,"10:01:30",35.4,600,0,0,"E","N"
"3070","AA",20070504,"10:01:30",35.39,100,0,0,"E","N"
"3071","AA",20070504,"10:01:30",35.38,500,0,0,"E","N"
"3072","AA",20070504,"10:01:30",35.4,200,0,0,"E","N"
"3073","AA",20070504,"10:01:30",35.39,100,0,0,"E","P"
"3074","AA",20070504,"10:01:30",35.39,100,0,0,"E","P"
"3075","AA",20070504,"10:01:30",35.39,100,0,0,"E","P"
"3076","AA",20070504,"10:01:30",35.4,1000,0,0,"E","N"
"3077","AA",20070504,"10:01:30",35.4,200,0,0,"E","N"
"3078","AA",20070504,"10:01:30",35.4,100,0,0,"E","N"
"3079","AA",20070504,"10:01:30",35.4,100,0,0,"E","N"
"3080","AA",20070504,"10:01:30",35.4,100,0,0,"E","N"
"3081","AA",20070504,"10:01:30",35.4,100,0,0,"E","N"
"3082","AA",20070504,"10:01:32",35.38,100,0,0,"E","N"
"3083","AA",20070504,"10:01:34",35.37,400,0,0,"E","N"
"3084","AA",20070504,"10:01:37",35.38,100,0,0,"E","P"
"3085","AA",20070504,"10:01:37",35.38,100,0,0,"E","P"
"3086","AA",20070504,"10:01:37",35.38,100,0,0,"E","P"
"3087","AA",20070504,"10:01:37",35.38,100,0,0,"E","P"
"3088","AA",20070504,"10:01:37",35.38,100,0,0,"E","P"
"3089","AA",20070504,"10:01:37",35.38,300,0,0,"E","N"
"3090","AA",20070504,"10:01:38",35.37,100,0,0,"E","N"
"3098","AA",20070504,"10:01:39",35.37,100,0,0,"E","P"
"3099","AA",20070504,"10:01:40",35.37,100,0,0,"E","P"
"3100","AA",20070504,"10:01:40",35.37,100,0,0,"E","P"
"3101","AA",20070504,"10:01:40",35.37,100,0,0,"E","P"
"3102","AA",20070504,"10:01:40",35.37,6100,0,0,"E","N"
"3103","AA",20070504,"10:01:40",35.37,800,0,0,"E","N"
"3104","AA",20070504,"10:01:40",35.37,200,0,0,"F","N"
"3112","AA",20070504,"10:01:40",35.37,100,0,0,"E","N"
"3113","AA",20070504,"10:01:40",35.37,100,0,0,"E","N"
"3114","AA",20070504,"10:01:40",35.37,200,0,0,"E","N"
"3115","AA",20070504,"10:01:41",35.37,200,0,0,"E","P"
"3116","AA",20070504,"10:01:41",35.37,100,0,0,"E","P"
"3117","AA",20070504,"10:01:41",35.37,100,0,0,"E","P"
"3118","AA",20070504,"10:01:41",35.37,100,0,0,"E","P"
"3119","AA",20070504,"10:01:41",35.37,100,0,0,"E","P"
"3120","AA",20070504,"10:01:41",35.37,100,0,0,"E","N"
"3123","AA",20070504,"10:01:41",35.37,100,0,0,"E","N"
"3124","AA",20070504,"10:01:41",35.37,100,0,0,"E","P"
"3127","AA",20070504,"10:01:44",35.39,100,0,0,"E","N"
"3128","AA",20070504,"10:01:45",35.39,100,0,0,"E","P"
"3142","AA",20070504,"10:01:47",35.39,100,0,0,"E","P"
"3143","AA",20070504,"10:01:47",35.39,100,0,0,"E","P"
"3144","AA",20070504,"10:01:47",35.39,100,0,0,"E","P"
"3145","AA",20070504,"10:01:47",35.39,100,0,0,"E","N"
"3151","AA",20070504,"10:01:48",35.4,100,0,0,"E","N"
"3152","AA",20070504,"10:01:49",35.39,200,0,0,"E","N"
"3153","AA",20070504,"10:01:49",35.39,400,0,0,"E","N"
"3156","AA",20070504,"10:01:50",35.39,200,0,0,"E","N"
"3157","AA",20070504,"10:01:50",35.39,100,0,0,"E","N"
"3158","AA",20070504,"10:01:51",35.39,100,0,0,"E","N"
"3159","AA",20070504,"10:01:52",35.39,100,0,0,"E","N"
"3161","AA",20070504,"10:01:53",35.39,200,0,0,"E","N"
"3162","AA",20070504,"10:01:53",35.39,600,0,0,"E","N"
"3163","AA",20070504,"10:01:53",35.39,100,0,0,"E","N"
"3166","AA",20070504,"10:01:53",35.39,300,0,0,"F","N"
"3174","AA",20070504,"10:01:53",35.4,300,0,0,"F","C"
"3183","AA",20070504,"10:01:54",35.4,100,0,0,"E","P"
"3184","AA",20070504,"10:01:54",35.4,100,0,0,"E","P"
"3186","AA",20070504,"10:01:54",35.39,100,0,0,"E","P"
"3187","AA",20070504,"10:01:54",35.39,100,0,0,"E","P"
"3188","AA",20070504,"10:01:54",35.39,100,0,0,"E","P"
"3189","AA",20070504,"10:01:54",35.39,100,0,0,"E","P"
"3190","AA",20070504,"10:01:54",35.39,100,0,0,"E","P"
"3191","AA",20070504,"10:01:54",35.39,100,0,0,"E","P"
"3192","AA",20070504,"10:01:54",35.39,100,0,0,"F","C"
"3193","AA",20070504,"10:01:54",35.39,100,0,0,"F","C"
"3194","AA",20070504,"10:01:54",35.39,100,0,0,"F","C"
"3195","AA",20070504,"10:01:54",35.39,100,0,0,"F","N"
"3196","AA",20070504,"10:01:55",35.38,100,0,0,"F","P"
"3199","AA",20070504,"10:01:55",35.4,100,0,0,"E","N"
"3203","AA",20070504,"10:01:58",35.39,100,0,0,"E","N"
"3204","AA",20070504,"10:01:59",35.39,100,0,0,"E","N"
"3205","AA",20070504,"10:02:00",35.39,100,0,0,"E","N"
"3207","AA",20070504,"10:02:01",35.39,100,0,0,"E","P"
"3208","AA",20070504,"10:02:01",35.39,100,0,0,"E","P"
"3213","AA",20070504,"10:02:01",35.39,100,0,0,"E","N"
"3214","AA",20070504,"10:02:01",35.38,100,0,0,"E","N"
"3215","AA",20070504,"10:02:01",35.38,100,0,0,"E","N"
"3216","AA",20070504,"10:02:01",35.38,100,0,0,"E","N"
"3217","AA",20070504,"10:02:01",35.38,100,0,0,"E","N"
"3218","AA",20070504,"10:02:02",35.38,100,0,0,"E","N"
"3219","AA",20070504,"10:02:03",35.38,100,0,0,"E","N"
"3221","AA",20070504,"10:02:04",35.38,100,0,0,"E","N"
"3222","AA",20070504,"10:02:07",35.38,800,0,0,"E","N"
"3223","AA",20070504,"10:02:10",35.38,100,0,0,"E","N"
"3224","AA",20070504,"10:02:10",35.38,700,0,0,"E","N"
"3227","AA",20070504,"10:02:10",35.39,100,0,0,"E","P"
"3228","AA",20070504,"10:02:10",35.39,100,0,0,"E","P"
"3229","AA",20070504,"10:02:10",35.39,100,0,0,"E","P"
"3230","AA",20070504,"10:02:10",35.39,100,0,0,"E","P"
"3231","AA",20070504,"10:02:11",35.39,100,0,0,"E","P"
"3232","AA",20070504,"10:02:11",35.39,300,0,0,"E","P"
"3235","AA",20070504,"10:02:16",35.38,300,0,0,"E","N"
"3237","AA",20070504,"10:02:16",35.38,3800,0,0,"F","N"
"3238","AA",20070504,"10:02:16",35.39,1500,0,0,"E","N"
"3240","AA",20070504,"10:02:18",35.37,100,0,0,"E","N"
"3254","AA",20070504,"10:02:20",35.35,100,0,0,"E","P"
"3255","AA",20070504,"10:02:20",35.35,100,0,0,"E","P"
"3256","AA",20070504,"10:02:21",35.35,100,0,0,"E","P"
"3257","AA",20070504,"10:02:21",35.35,100,0,0,"E","P"
"3258","AA",20070504,"10:02:21",35.35,100,0,0,"E","P"
"3259","AA",20070504,"10:02:21",35.35,300,0,0,"E","P"
"3260","AA",20070504,"10:02:21",35.35,400,0,0,"E","P"
"3261","AA",20070504,"10:02:21",35.35,600,0,0,"E","N"
"3262","AA",20070504,"10:02:21",35.34,800,0,0,"E","N"
"3263","AA",20070504,"10:02:21",35.35,100,0,0,"E","N"
"3264","AA",20070504,"10:02:21",35.32,100,0,0,"E","P"
"3270","AA",20070504,"10:02:22",35.35,100,0,0,"E","N"
"3279","AA",20070504,"10:02:22",35.33,200,0,0,"E","P"
"3280","AA",20070504,"10:02:22",35.33,100,0,0,"E","P"
"3281","AA",20070504,"10:02:22",35.33,100,0,0,"E","P"
"3282","AA",20070504,"10:02:22",35.33,200,0,0,"E","P"
"3283","AA",20070504,"10:02:22",35.34,100,0,0,"E","P"
"3284","AA",20070504,"10:02:22",35.34,100,0,0,"E","P"
"3285","AA",20070504,"10:02:22",35.34,100,0,0,"E","P"
"3286","AA",20070504,"10:02:22",35.34,100,0,0,"E","P"
"3287","AA",20070504,"10:02:22",35.34,100,0,0,"E","P"
"3288","AA",20070504,"10:02:22",35.34,100,0,0,"E","P"
"3292","AA",20070504,"10:02:22",35.33,200,0,0,"E","P"
"3293","AA",20070504,"10:02:22",35.33,100,0,0,"E","N"
"3294","AA",20070504,"10:02:23",35.34,200,0,0,"F","N"
"3300","AA",20070504,"10:02:23",35.34,100,0,0,"E","P"
"3301","AA",20070504,"10:02:23",35.34,100,0,0,"E","P"
"3302","AA",20070504,"10:02:23",35.34,100,0,0,"E","P"
"3303","AA",20070504,"10:02:23",35.34,100,0,0,"E","P"
"3304","AA",20070504,"10:02:24",35.34,100,0,0,"E","N"
"3307","AA",20070504,"10:02:24",35.34,300,0,0,"E","N"
"3310","AA",20070504,"10:02:25",35.34,100,0,0,"E","N"
"3313","AA",20070504,"10:02:27",35.35,100,0,0,"E","N"
"3314","AA",20070504,"10:02:27",35.35,100,0,0,"E","N"
"3315","AA",20070504,"10:02:27",35.35,100,0,0,"E","N"
"3323","AA",20070504,"10:02:28",35.34,300,0,0,"E","P"
"3324","AA",20070504,"10:02:29",35.34,100,0,0,"E","N"
"3330","AA",20070504,"10:02:31",35.33,100,0,0,"F","N"
"3331","AA",20070504,"10:02:33",35.32,100,0,0,"E","N"
"3332","AA",20070504,"10:02:35",35.32,100,0,0,"E","N"
"3333","AA",20070504,"10:02:35",35.33,100,0,0,"E","P"
"3334","AA",20070504,"10:02:35",35.33,100,0,0,"E","P"
"3335","AA",20070504,"10:02:35",35.33,200,0,0,"E","P"
"3336","AA",20070504,"10:02:35",35.33,100,0,0,"E","P"
"3337","AA",20070504,"10:02:35",35.33,100,0,0,"E","P"
"3338","AA",20070504,"10:02:35",35.33,100,0,0,"E","P"
"3339","AA",20070504,"10:02:35",35.33,100,0,0,"E","P"
"3340","AA",20070504,"10:02:35",35.33,100,0,0,"E","P"
"3341","AA",20070504,"10:02:35",35.33,100,0,0,"E","P"
"3342","AA",20070504,"10:02:36",35.33,2300,0,0,"E","N"
"3346","AA",20070504,"10:02:36",35.33,300,0,0,"E","N"
"3347","AA",20070504,"10:02:38",35.33,100,0,0,"E","N"
"3357","AA",20070504,"10:02:39",35.33,300,0,0,"E","N"
"3358","AA",20070504,"10:02:40",35.33,300,0,0,"E","N"
"3359","AA",20070504,"10:02:40",35.33,200,0,0,"F","N"
"3362","AA",20070504,"10:02:41",35.33,100,0,0,"E","P"
"3365","AA",20070504,"10:02:42",35.33,900,0,0,"E","N"
"3366","AA",20070504,"10:02:42",35.33,200,0,0,"F","N"
"3367","AA",20070504,"10:02:42",35.33,900,0,0,"E","N"
"3369","AA",20070504,"10:02:47",35.35,200,0,0,"E","P"
"3370","AA",20070504,"10:02:47",35.35,100,0,0,"E","P"
"3371","AA",20070504,"10:02:47",35.35,100,0,0,"E","P"
"3372","AA",20070504,"10:02:47",35.35,100,0,0,"E","P"
"3373","AA",20070504,"10:02:47",35.35,100,0,0,"E","P"
"3382","AA",20070504,"10:02:47",35.35,400,0,0,"E","N"
"3383","AA",20070504,"10:02:48",35.35,100,0,0,"E","N"
"3384","AA",20070504,"10:02:48",35.34,300,0,0,"E","N"
"3385","AA",20070504,"10:02:48",35.35,100,0,0,"E","N"
"3386","AA",20070504,"10:02:49",35.35,300,0,0,"E","N"
"3387","AA",20070504,"10:02:49",35.35,100,0,0,"E","N"
"3388","AA",20070504,"10:02:49",35.34,100,0,0,"E","P"
"3390","AA",20070504,"10:02:49",35.34,100,0,0,"E","N"
"3391","AA",20070504,"10:02:50",35.34,100,0,0,"E","P"
"3392","AA",20070504,"10:02:50",35.34,100,0,0,"E","N"
"3393","AA",20070504,"10:02:50",35.33,1400,0,0,"E","N"
"3394","AA",20070504,"10:02:51",35.33,100,0,0,"E","N"
"3395","AA",20070504,"10:02:51",35.33,100,0,0,"E","N"
"3396","AA",20070504,"10:02:51",35.33,400,0,0,"E","N"
"3397","AA",20070504,"10:02:51",35.33,100,0,0,"E","N"
"3398","AA",20070504,"10:02:51",35.33,100,0,0,"E","N"
"3399","AA",20070504,"10:02:51",35.34,300,0,0,"E","N"
"3400","AA",20070504,"10:02:51",35.35,300,0,0,"E","N"
"3401","AA",20070504,"10:02:51",35.33,100,0,0,"E","N"
"3402","AA",20070504,"10:02:51",35.33,400,0,0,"E","N"
"3403","AA",20070504,"10:02:52",35.33,100,0,0,"E","N"
"3404","AA",20070504,"10:02:55",35.34,1500,0,0,"E","N"
"3407","AA",20070504,"10:02:55",35.34,100,0,0,"E","P"
"3408","AA",20070504,"10:02:55",35.34,100,0,0,"E","P"
